2042 3534
257 153 700 241 crrurrrrrssn
785 204 814 256 ῃ

122 273 184 330 'fibi
191 309 201 338 ,
217 277 242 327 ὃ(
253 273 345 326 Suffitio
356 277 406 326 seni
419 277 520 327 secono.

122 343 225 394 Irascere
241 344 328 390 iterum
342 343 401 389 meis
415 343 500 390 iambis
540 361 548 372 ·

122 407 323 467 Immerentibus,
334 408 402 454 unice
414 410 554 471 Imperator.

130 533 810 572 Ἥ,

423 662 509 708 L11.

255 783 341 830 -Ao
372 777 648 836 C'nsssaron.

192 913 240 962 Ra
248 923 271 959 ss
280 925 334 971 us,
350 909 366 960 fi
377 909 438 962 forte
449 927 499 963 non
509 914 634 964 molestum
643 912 691 975 est,

192 975 357 1035 Demonstres‚
369 978 409 1024 ubi
421 973 465 1027 sint
474 991 522 1029 tua
533 981 642 1030 tenebre.

119 1045 155 1090 Te
165 1042 191 1090 in
200 1057 286 1106 campo
295 1039 442 1106 quaefivimus
452 1046 559 1103 minore,

85 1153 90 1160 ,
118 1109 154 1154 're
165 1109 191 1154 in
201 1109 283 1164 circo,
297 1120 321 1153 te
333 1107 358 1153 in
368 1106 478 1154 omnibus
489 1108 597 1168 tabellis,

117 1174 153 1226 Te
164 1169 289 1233 intemplo
298 1169 375 1234 superi
389 1173 455 1218 Jovis
466 1171 575 1231 sacrato,

115 1238 184 1282 InM
216 1231 319 1282 nifimul
329 1234 498 1284 ambulatione.

114 1251 230 1348 Femeffis
242 1296 350 1357 omneis,
362 1301 453 1358 amice,
466 1298 568 1363 prendi,

113 1367 181 1426 Quas
192 1360 261 1411 voltu
272 1361 324 1412 vidi
339 1376 420 1410 tamen
434 1363 524 1412 sereno.

112 1427 172 1486 nh,
187 1427 226 1476 vel
240 1439 264 1474 te
278 1423 308 1474 fic
320 1427 368 1490 ipse
384 1423 543 1492 flagitabatur

113 1493 256 1540 Camerium
266 1492 345 1549 mihi,
359 1490 458 1554 peffimae
489 1489 563 1542 ueilae.

113 1553 231 1617 Quadam
237 1588 246 1614 ,
258 1555 353 1618 inquit,
363 1554 454 1603 nudum
470 1571 537 1606 snum
547 1555 677 1629 reducens,

112 1622 150 1667 En
160 1620 201 1667 hie
213 1621 239 1667 in
251 1619 324 1667 roseis
337 1619 394 1667 latet
403 1619 504 1684 papillis.

113 1682 158 1732 Sed
170 1697 194 1731 te
207 1687 256 1747 jam
266 1681 326 1731 ferre
339 1683 449 1731 Herculei
458 1683 524 1734 labos
532 1685 580 1747 est,

34 1753 39 1760 '
112 1751 195 1796 Tanto
206 1761 228 1796 te
238 1749 264 1794 in
278 1745 337 1795 fastu
349 1761 436 1813 negas,
453 1751 538 1798 amice.

112 1814 160 1860 Dic
172 1813 255 1871 nobis,
272 1811 312 1859 ubi
326 1807 356 1858 fis
366 1809 475 1870 futurus,
486 1813 544 1872 ede,
635 1865 638 1870 ,

110 1873 231 1924 Αυάαᾶει
241 1877 382 1932 committe,
395 1873 475 1934 crede,
493 1877 563 1926 Luci.

109 1943 136 1988 N
138 1956 181 1988 uns
190 1952 213 1988 te
224 1938 326 1988 naenia
339 1951 421 1986 tenent
434 1939 544 2004 papilla!

110 2006 135 2053 Si
149 2003 257 2070 linguam
268 2003 348 2052 clauso
361 2018 425 2051 tenes
439 2007 465 2051 in
479 2020 537 2064 ore,

110 2069 208 2118 Frustus
218 2069 329 2132 projicies
339 2069 427 2115 amoris
441 2071 548 2116 omneiss

110 2133 218 2182 Verbosa
231 2131 317 2197 gaudet
332 2136 409 2180 Venus
423 2131 526 2197 loquela.

110 2195 171 2256 Vel,
185 2193 203 2244 fi
214 2200 265 2255 vis,
279 2194 334 2244 licet
343 2197 434 2244 obseres
444 2195 566 2260 palatum,

110 2266 179 2312 Dum
191 2260 264 2310 nostri
278 2257 305 2308 fis
318 2263 433 2326 particeps
447 2263 546 2310 amoris.
599 2272 603 2276 ·

110 2329 170 2375 Non
180 2324 254 2374 costos
267 2321 284 2372 fi
297 2319 329 2372 fin
346 2341 372 2373 ar
382 2323 421 2372 ille
435 2327 552 2385 Cretum,

110 2393 170 2439 Non
185 2387 201 2438 fi
215 2389 314 2454 Pegaseo
329 2341 390 2437 Perat
402 2387 503 2448 volatu,

107 2457 170 2504 Non
181 2451 256 2502 Ladas
268 2449 285 2500 sr
295 2469 356 2518 ego,
366 2453 506 2517 pennipesve
517 2453 622 2516 Perseus,

110 2521 170 2568 Non
182 2515 253 2567 Rhesi
266 2517 356 2576 niveae,
368 2519 468 2582 citaque
481 2517 559 2581 bigas

109 2581 181 2636 Adde
190 2583 238 2633 hue
248 2580 393 2650 plumipedas
400 2613 409 2642 ,
425 2579 601 2650 volatilesque,
