2042 3534
208 218 252 265 108
351 214 501 263 Auurl
534 212 759 263 riuum

240 304 375 362 Cantibus,
390 316 432 352 aut
442 304 521 351 herbis
533 302 622 351 solvere
634 298 697 367 poss'e
708 320 783 353 meos.

207 372 237 420 Et
247 385 285 416 me
295 368 400 416 lustravit
415 366 497 425 tedis,
515 372 539 417 ὃ(
552 368 620 416 ιιοᾶε
634 368 713 416 serena

240 431 355 482 Concidit
364 431 395 480 ad
404 435 510 496 magicos
524 430 601 481 hostia
613 431 676 496 pulla
687 438 759 481 Deos.

208 499 266 547 Nou
275 514 287 545 e
304 514 335 555 o,
347 511 411 545 totus
421 492 509 543 abesset
518 512 602 554 amor,
618 496 657 545 sed
667 512 764 545 mutuus
777 493 840 547 effet
845 530 861 557 ‚

236 515 362 624 'oraim
376 576 420 610 nec
433 574 458 608 te
469 556 534 625 poffe
551 576 629 609 carere
641 560 723 611 velim.

210 724 905 741 m-—n———u--n

398 817 417 865 E
433 818 454 866 L
470 815 490 865 E
505 818 528 864 G
545 818 557 863 Ι
573 818 596 863 Α
628 815 705 863 111.

210 944 339 1064 Iiirrrs
355 942 436 1005 ,Ἑμπε
450 936 496 987 fine
510 955 566 998 me,
581 928 694 999 Messala,
709 950 750 1004 per
764 902 861 1001 undar,

271 1009 294 1053 0
307 1007 401 1053 utinam
408 1020 526 1052 memores
536 1004 584 1069 ipse
590 1037 599 1063 ,
613 1004 745 1069 cohorsque
754 1007 818 1053 mei!

211 1072 253 1120 Me
264 1067 329 1120 te&
343 1072 432 1134 ignotis
446 1084 536 1134 :grum
546 1068 651 1116 Phaeacia
661 1072 743 1116 terrisz
825 1065 828 1079 '

243 1133 365 1183 Abstineas
375 1132 474 1193 avidas,
488 1150 553 1181 mors
566 1132 687 1192 violenta,
698 1148 796 1183 ¹rutenus.
1004 1176 1005 1201 p

212 1198 334 1248 Abstineas
340 1232 349 1257 ,
359 1214 428 1247 mors.
435 1210 502 1257 atra,
516 1213 606 1261 precor.
624 1200 681 1245 Nou
690 1196 728 1247 hic
738 1200 800 1247 mihi
809 1213 901 1250 mater
908 1234 922 1262 ,

245 1266 304 1325 Quae
315 1262 378 1328 legat
390 1265 417 1310 in
429 1262 523 1311 moestos
535 1258 584 1312 offa
595 1261 685 1326 perusta
696 1260 770 1311 smus:

211 1330 270 1379 Nou
280 1330 363 1388 soror,
375 1323 480 1389 Assyrios
489 1329 563 1374 cineri
576 1341 627 1392 que
643 1326 714 1375 dedat
729 1327 832 1387 odores,

246 1396 274 1440 Et
286 1389 342 1441 fleat
350 1388 425 1441 effusis
437 1406 491 1439 ante
505 1390 610 1456 sepulcra
619 1394 711 1460 ¹cornis:
783 1438 785 1443 ,

212 1457 284 1506 Delia
293 1472 343 1503 nou
353 1456 468 1519 usquam,
482 1471 535 1520 quae
548 1471 586 1503 me
600 1470 655 1503 cum
666 1458 772 1505 mitteret
785 1455 864 1519 urbe,

245 1522 341 1569 Dicitur
353 1518 407 1568 anti
419 1534 502 1567 omnes
514 1516 653 1567 consuluisse
662 1524 733 1569 Deos.

212 1582 258 1635 1112
269 1585 344 1632 sacras
354 1585 422 1648 pueri
431 1584 504 1632 sortes
514 1597 549 1631 ter
564 1582 653 1633 sustulit
664 1600 670 1631 ε
684 1584 720 1633 illi

246 1648 350 1696 Rettulit
363 1646 376 1695 ὲ
392 1649 472 1695 triviis
487 1650 570 1696 omina
584 1652 657 1696 cerra'¹
679 1664 729 1697 uer.
753 1698 756 1704 ,

213 1712 401 1762 eunuadabant
411 1711 515 1759 reditur:
528 1712 649 1760 tamenest
669 1714 916 1780 etertitauurrquam,
940 1723 943 1726 '

246 1779 313 1837 Quin
323 1772 406 1835 fleret,
418 1775 507 1825 nostras
518 1778 686 1841 respiceretque
696 1781 756 1826 vias.

214 1842 266 1906 lpse
275 1859 320 1907 ego
332 1840 436 1901 solator,
448 1838 502 1889 crim
514 1846 564 1904 jam
574 1840 686 1889 mandata
700 1838 829 1903 dedissem,

247 1908 387 1967 Quaerebam
396 1903 474 1954 tardas
486 1907 568 1952 anxius
578 1906 651 1971 usque
661 1921 748 1955 moras.

215 1975 265 2021 Aut
278 1987 323 2036 ego
335 1971 388 2019 sum
397 1965 512 2018 caussatus
525 1984 596 2029 aves,
608 1984 650 2019 aut
660 1974 743 2020 omina
754 1970 821 2030 dira,
851 2016 853 2019 .

247 2037 341 2083 Saturni
350 2048 391 2083 aut
402 2034 491 2082 sacram
501 2049 539 2081 me
549 2029 647 2087 tenuisse
656 2034 729 2084 diem.

215 2104 239 2147 0
252 2102 346 2163 quoties
357 2094 471 2162 ingressus
485 2101 545 2158 iter,
559 2099 621 2146 mihi
631 2098 706 2147 tristia
718 2098 769 2148 dixi

247 2160 370 2211 Offensum
380 2166 406 2209 in
416 2177 486 2226 porta
498 2160 514 2209 fi
531 2178 562 2211 na
575 2159 662 2211 dedisse
672 2163 770 2228 pedem!

215 2225 309 2278 Audeat
318 2229 397 2275 invito
406 2242 436 2274 ne
448 2230 501 2291 quis
514 2179 631 2274 {iscedere
645 2242 726 2277 amore
734 2246 751 2288 ;=

248 2295 298 2340 Aut
310 2292 367 2339 sciat
379 2288 494 2355 egressum
504 2292 528 2339 se
542 2292 683 2357 prohibente
697 2298 758 2341 Deo.

215 2355 281 2416 Quid
290 2371 332 2404 tua
342 2371 404 2404 nuuc
414 2353 453 2404 ifis
463 2356 540 2414 mihi,
555 2355 639 2404 Delia?
653 2356 712 2422 quid
722 2356 783 2405 mihi
790 2358 893 2421 prosunt

248 2419 292 2467 1112
302 2434 344 2468 tua
354 2424 425 2469 toties
436 2436 481 2468 aera
490 2418 581 2485 repulsa
594 2428 682 2469 manu?

215 2482 312 2545 Quidue
319 2518 327 2542 ,
342 2483 380 2551 pie
393 2484 451 2533 dum
466 2486 531 2533 sacra
543 2483 617 2545 colis,
651 2483 826 2549 urique'lavari

251 2551 286 2596 Te
296 2551 411 2606 memini,
427 2553 452 2598 &
480 2566 525 2598 uro
534 2550 629 2598 secubui
649 2566 662 2597 e
675 2558 745 2598 toro?
1004 2590 1005 2595 ,

216 2613 287 2675 Nuuc
293 2646 303 2675 ,
312 2617 362 2663 Dea
367 2647 377 2676 ,
385 2628 447 2663 nunt
465 2616 643 2667 uccurremihi:
654 2630 710 2666 uam
719 2608 783 2681 posse
791 2612 883 2665 mederi
1004 2656 1005 2679 p
