2042 3534
195 208 241 273 vui
339 210 749 262 vtrtcrrunnt.

196 293 359 360 puellulisque.
376 300 405 345 ln
416 311 497 354 tenera
506 310 574 347 aetate
587 301 692 346 Romam
706 294 822 363 proseiiur
833 296 891 358 eii,·

197 360 238 407 nbi
252 362 349 426 ingenio
360 361 447 408 clarere
459 364 540 425 coepit.
565 367 637 410 Anno
653 364 718 409 enim
730 360 779 419 seri
792 362 890 413 decimo

197 424 264 472 sexto
272 426 347 474 multa
355 427 469 473 scribebat
480 428 598 475 amatoria
607 423 751 487 adlLesbiam
757 460 766 485 ‚
778 430 802 475 &
812 427 889 475 alias:

196 503 263 537 anno
282 488 341 538 verb
356 482 432 537 atatis
445 478 540 538 fortasse
551 488 668 557 vigesimo
677 492 760 556 primo
768 494 793 539 in
807 494 892 553 Bithy-

157 606 160 612 ,
196 554 264 601 niam
280 570 335 601 curn
346 557 465 603 Memmio
477 558 577 603 Praerore
594 557 735 665 navipavit,
750 558 892 605 &ineunte

196 632 253 667 vere
263 634 291 665 ex
303 620 415 679 Bithynia
425 618 545 667 Troadem
555 618 640 667 ivitati
662 634 748 667 ratrem
759 653 767 677 ,
780 633 836 667 tunc
847 636 892 668 co-

196 684 284 730 mitem
300 684 379 731 nescio
391 687 458 747 cujus
471 686 578 731 Pratoris
592 684 674 731 sanum
686 686 711 731 δι
723 683 868 731 ineolumem
881 700 892 743 ς

197 761 226 793 ex
238 745 333 795 Troade
348 750 435 794 iterum
452 746 483 795 ad
501 751 647 807 statorem,
668 763 772 813 quocum
791 746 896 797 tandem

196 808 271 859 rediit
278 815 384 859 Romam
389 845 399 869 ,
411 812 467 859 hinc
477 810 507 859 ad
515 815 618 860 Patriam
629 845 636 869 ,
648 827 676 858 ex
719 828 748 869 a,
760 814 849 860 nunclo
858 812 896 873 tle

197 890 278 923 morte
290 874 370 924 fratris
381 891 434 923 acte
451 890 496 933 to,
515 878 607 923 rursum
620 827 739 924 Troaiim
751 878 894 941 petiitplra·
906 904 909 911 ν

196 939 250 989 selo
266 939 297 989 ad
309 940 411 987 eundem
426 892 525 991 siatrem
536 942 616 1003 patrio
631 955 697 989 more
709 936 891 1005 sepeliendum,

198 1003 436 1069 parentandumque}
458 1020 486 1051 ex
503 1002 598 1069 Troade
617 1006 705 1065 iterum
722 1002 752 1052 ad
768 1008 890 1068 patriam,

197 1070 256 1116 hinc
266 1073 401 1128 Veronam,
414 1070 455 1117 ubi
468 1073 564 1132 januam
574 1066 659 1117 demtis
670 1068 792 1133 quondam
803 1068 893 1119 Lesbi-'e
915 1126 917 1128 ,

198 1131 315 1181 allocutus
328 1132 360 1181 est
372 1166 380 1191 ,
398 1134 479 1197 ibique
491 1131 648 1181 moestiffimus
659 1130 739 1181 fratris
751 1135 820 1181 obitu
831 1134 892 1195 hye-

198 1200 285 1245 mavit.
303 1196 411 1245 Tandem
424 1202 518 1245 Verona
530 1201 633 1245 Romam
645 1196 780 1259 ptosebius‚
802 1198 842 1245 ubi
855 1196 892 1246 sa-

198 1260 326 1310 cultatibus
336 1295 346 1321 ,
365 1265 389 1311 δι
402 1263 486 1309 amicis
497 1256 590 1311 floruit.
605 1263 718 1309 Amicum
730 1264 794 1309 enim
806 1262 893 1321 habirit

198 1327 226 1374 iu
237 1327 320 1389 primis
331 1323 468 1385 Manlium,
486 1322 500 1373 i
510 1341 559 1389 quo
570 1322 681 1373 beneficia
692 1326 796 1373 maxima
808 1341 892 1389 tepot-

198 1393 262 1439 tavit
273 1410 282 1451 ς
299 1405 442 1456 quapropter
452 1388 558 1453 ejusdem
569 1392 663 1453 nuptias
673 1386 839 1455 elegantissimi
851 1406 891 1437 ce·

197 1457 277 1505 cinit:
296 1458 401 1502 amicum
421 1458 446 1503 δι
461 1455 604 1502 Ciceronem
620 1451 725 1512 habuit,
745 1458 770 1502 &
786 1452 892 1503 Calvum

197 1520 337 1577 Licinium,
346 1515 521 1576 Cornificium,
534 1520 680 1565 Verannium
691 1552 698 1575 ,
709 1516 818 1565 Flavium
825 1550 834 1576 ‚
846 1520 892 1569 Fu-

199 1585 279 1641 rium,
293 1582 432 1641 Aurelium,
446 1585 551 1640 Varum,
565 1586 590 1631 &
602 1580 675 1640 alios,
688 1582 817 1645 prasertim
827 1586 891 1634 Cor-

194 1646 290 1696 nelium
300 1651 436 1711 Nepotem,
450 1648 488 1694 cui
499 1645 605 1711 libellum
615 1645 734 1693 dedicavit
745 1647 812 1694 suum
825 1648 892 1703 ·,ini·

199 1714 276 1760 nicos
289 1714 361 1760 etiam
374 1713 482 1760 Nonium
494 1713 634 1769 strumam,
653 1710 813 1769 Cominium,
832 1710 890 1759 Gel-

197 1774 278 1835 lium,
292 1778 417 1835 Veiiium,
431 1772 508 1823 filium
521 1774 548 1824 P.
560 1774 661 1833 Clodii,
673 1790 744 1839 quem
753 1789 824 1824 vocat
836 1777 894 1823 Les·
929 1828 934 1831 ,

198 1841 287 1899 bium,
312 1845 481 1899 Mamurram,
503 1855 576 1903 quern
596 1853 667 1899 vocat
689 1838 893 1898 tremulam&

147 1950 161 1967 ὁ
198 1906 337 1963 Cesarem,
355 1921 459 1971 quocum
472 1918 552 1952 tamen
565 1900 619 1951 licit
632 1903 719 1951 iambis
728 1900 847 1967 saepiffimi
858 1902 893 1953 la-

198 1985 281 2019 cerato
301 1972 415 2018 toenavit.
440 1964 559 2016 Postremb
579 1966 720 2025 sciendum,
740 1968 804 2015 nihil
825 1966 894 2019 aliud

199 2032 359 2099 composuilie
371 2031 493 2081 Catullum
506 2046 589 2097 praeter
602 2034 666 2081 hunc
677 2030 799 2091 libellum,
819 2048 894 2097 quem

199 2102 250 2147 non
259 2098 372 2147 mutilum
381 2132 388 2156 ,
400 2096 440 2145 sed
449 2097 585 2145 absolutum
594 2112 641 2161 prae
650 2098 758 2145 manibus
768 2096 896 2149 habemur·

89 2176 97 2183 ”
173 2190 176 2193 >
198 2166 257 2213 Non
273 2166 337 2211 enim
349 2162 376 2211 de
388 2163 580 2218 incantamentis,
598 2160 681 2210 nonin
693 2161 800 2225 Priapum
814 2195 821 2217 ,
840 2177 894 2210 nnn

158 2250 161 2255 ·
197 2224 353 2291 Pervigisium
367 2226 460 2273 Veneris
472 2258 480 2282 ,
493 2228 622 2281 nonVrr,
640 2222 745 2274 nonalia
758 2244 765 2285 3
784 2226 840 2273 hinc
857 2229 894 2275 ait

178 2290 291 2347 {meritb
302 2291 331 2339 de
344 2290 383 2338 se:
399 2290 478 2336 Parva
490 2290 535 2337 enei
549 2287 667 2355 mabiliam
678 2286 740 2337 tercii
749 2302 892 2339 monumenta

159 2368 167 2373 ·
199 2354 292 2404 laboris.
310 2352 429 2404 Caerertim
441 2353 550 2402 Catullus
564 2352 611 2403 fuit
625 2355 696 2401 Pofita
707 2357 831 2402 Poitarum
845 2369 896 2415 rto2

199 2418 338 2477 nilminus,
352 2419 471 2467 latinitate
485 2418 583 2483 quidem
599 2434 653 2466 cum
665 2418 747 2467 Plauto
762 2434 789 2475 ac
804 2422 897 2473 Teren-2

158 2523 160 2527 .
201 2483 423 2547 tio'compararrdue
434 2499 446 2540 ,·
458 2482 599 2531 facetiarum
612 2479 669 2531 verb
681 2497 756 2539 unus,
773 2486 798 2531 δι
810 2486 896 2541 unicus

200 2564 283 2614 pater3
294 2546 459 2596 erudiriiiimur
470 2562 565 2613 quoque
577 2582 584 2605 ,
595 2550 699 2611 atquem
711 2548 798 2594 Grecis
808 2545 898 2595 litteriu
916 2572 919 2577 ·

201 2612 373 2693 versatisspnur.
391 2614 457 2662 Nam
472 2624 556 2677 prater
571 2610 618 2661 alia
632 2608 781 2679 Callitnaehi.
791 2610 896 2677 elegiam
