2042 3534
240 258 285 301 ioo
384 246 512 295 vrri
546 244 790 297 TIBUZLL.

237 338 359 389 amoribus
375 342 400 387 bc
418 335 525 395 deliciis,
544 350 570 383 ut
587 350 698 401 apparet,
712 334 784 401 paulb
801 330 935 402 proclirior

238 403 305 463 fuit,
323 417 350 451 ut
368 405 409 469 qui
420 402 575 459 Marathum,
590 404 613 449 δι
627 402 772 449 Cerinthum
781 419 866 466 pueros
882 422 934 453 ma-

238 472 307 518 ximo
324 464 407 517 affeetu
421 464 549 523 dilexerit,
565 463 631 512 sicuti
649 466 764 524 Deliam,
782 466 934 532 Sulpiciam,

238 534 365 590 Ncaerarn,
377 534 402 580 br
413 526 548 587 Nemesim,
565 528 595 577 de
606 534 673 595 eujus
683 528 777 591 forma,
789 535 814 585 ὅ(
824 536 936 586 moribus

238 596 348 663 spequens
365 597 392 649 in
408 607 517 643 veterum
534 592 600 643 libris
616 597 709 652 mentio
727 594 776 661 est,
793 596 855 648 unde
872 596 937 651 sslud

237 676 340 713 uotum:
916 672 920 679 “

271 724 331 780 Uffit
342 736 474 776 amatorem
484 721 590 772 Nemesis
599 720 687 773 lasciva
695 722 832 785 Tibullum,

303 794 334 839 ln
343 804 396 841 tota
409 792 471 855 juvit
482 805 554 855 quem
564 786 626 848 nihil
636 786 681 836 effe
691 788 776 839 domo.

270 854 316 906 Sed
326 859 351 905 bc
362 853 518 932 Ι,..Αριι1εὶιιε1
522 887 531 914 ,
542 869 591 919 quo
604 853 658 903 loco
669 852 697 901 de
708 854 829 905 amoribus
839 850 936 907 dilserit

236 916 875 1042 sibilla-'tlibilislil’lillb
882 926 935 1035 ¹33:

237 1063 339 1100 caretur.
363 1049 429 1113 Quin
446 1049 520 1104 etiam
535 1046 628 1107 Flaccus
646 1045 718 1095 liberi
733 1047 801 1097 illum
820 1050 936 1101 hortatur

237 1115 352 1163 amicitia
363 1113 475 1170 nomine,
487 1125 514 1159 ut
525 1109 582 1159 forti
593 1113 690 1171 animo,
707 1116 732 1161 δι
743 1111 873 1173 constanti,
886 1118 935 1164 im·

235 1180 305 1227 mitis
315 1176 421 1239 Glycera
429 1175 531 1235 fastum,
542 1178 566 1225 bt
577 1175 729 1239 insolentiam
739 1176 840 1241 perferat
850 1213 858 1238 ,
878 1193 935 1228 tum

237 1240 342 1292 aliorum
351 1239 459 1306 exemplo
474 1239 566 1299 discat,
584 1253 673 1305 quanta
684 1238 711 1289 fit
721 1244 747 1289 in
764 1258 845 1291 amore
854 1246 936 1293 varie-

237 1320 284 1367 tas.
312 1310 341 1355 ln
358 1301 482 1356 scribendo
498 1320 579 1353 autem
597 1307 701 1353 carmine
720 1305 799 1355 Cassio
814 1307 936 1357 Parmensi

214 1414 219 1423 .
237 1369 341 1421 eundem
351 1374 481 1442 praeponit,
493 1386 543 1435 quo
554 1369 607 1417 ioco
617 1370 714 1418 suorum
723 1371 858 1419 sermonum
867 1372 935 1436 judi·

238 1453 292 1486 eem
303 1436 376 1504 sacit,
389 1437 497 1500 bonaque
507 1436 598 1493 animi,
609 1438 635 1483 δι
645 1437 750 1499 corporis
762 1434 797 1483 illi
807 1435 933 1487 adscribit.

239 1496 245 1507 ’
271 1502 329 1551 Albi
339 1500 473 1554 nostrorum
482 1498 618 1557 sermonum
626 1497 726 1547 candide
737 1498 823 1564 judex,

270 1565 329 1614 Non
339 1579 366 1612 tu
377 1579 461 1628 corpus
471 1578 522 1619 eras
533 1560 579 1610 fine
589 1562 694 1627 pedore:
707 1566 748 1612 Dii
758 1566 803 1613 tibi
815 1564 933 1627 fonnam,

270 1631 313 1679 Dii
324 1630 370 1677 tibi
382 1628 479 1676 divitias
490 1624 620 1686 dederant,
635 1640 758 1694 artemque
767 1628 870 1678 fruendi.

270 1692 337 1755 Quid
348 1706 435 1742 voveat
446 1690 509 1740 dulei
520 1691 638 1741 nutricula
648 1696 725 1757 majus
740 1692 853 1753 alumno,

270 1756 351 1820 Qurlm
364 1758 457 1821 sapere,
469 1761 494 1806 dt
505 1754 551 1805 fari
561 1754 644 1821 possit,
658 1772 710 1821 qua
725 1758 825 1817 sentiat,
837 1764 862 1809 bt
873 1760 914 1809 cui

270 1826 373 1881 Gratia,
389 1821 454 1871 sama
461 1856 469 1881 ,
480 1820 609 1879 valetudo,
622 1824 745 1887 contingat
756 1822 862 1883 abunde,

270 1891 301 1936 Et
311 1886 412 1939 mundun
423 1888 497 1935 vidus
507 1901 557 1933 non
567 1883 690 1933 deficiente
698 1896 826 1935 crumena?

271 1956 295 2001 Ir
305 1949 363 2002 verb
372 1950 480 2000 Tibullus
496 1952 522 1998 in
538 1951 642 1998 carmine
658 1949 688 1998 ad
701 1948 824 2000 Messalam
835 1968 864 2001 co
882 1952 932 2002 iord

239 2015 357 2076 ostendit,
369 2013 453 2082 partlm
462 2012 503 2063 sibi
513 2014 583 2063 licere
591 2017 616 2063 in
627 2016 680 2063 otio
689 2015 790 2075 versari,
805 2014 848 2081 qu*
881 2019 933 2081 ipsa

238 2081 341 2131 'fortuna
351 2083 464 2147 iniquitas
473 2077 577 2128 nimium
588 2078 623 2127 illi
634 2074 761 2141 obfuisset,
773 2084 798 2130 δι
808 2078 863 2129 crim
874 2082 932 2130 satis

237 2146 275 2195 illi
287 2163 343 2212 opes
353 2142 464 2194 florerent
470 2178 478 2205 ‚
490 2144 627 2201 conditione
638 2159 774 2210 temporum
787 2144 893 2207 fromn,
904 2160 931 2194 ut

237 2211 270 2265 'ad
281 2224 444 2276 paupertatem
458 2209 508 2259 redi
539 2224 610 2259 retur.

271 2277 321 2325 Cui
332 2274 425 2324 fuerant
437 2270 495 2322 flavi
522 2276 607 2327 irantes
618 2273 702 2323 ordine
710 2273 785 2335 sulci,

270 2346 363 2391 Horrea
372 2337 488 2388 foeeundis
499 2335 657 2388 indeficientia
666 2338 764 2401 mensis,

271 2408 367 2470 Cuique
377 2421 445 2470 pecus
455 2402 529 2453 denso
538 2403 662 2468 pascebant
672 2408 766 2469 agmine
775 2404 847 2455 colles
853 2439 863 2466 ,

271 2474 301 2520 Et
312 2469 414 2525 domino
427 2470 482 2517 satis
489 2485 503 2528 ,·
514 2472 539 2518 bt
549 2465 652 2517 nimitlm
662 2467 771 2535 furique,
783 2466 903 2538 lupoque}
996 2512 997 2529 ,

271 2537 343 2583 Nunc
353 2532 493 2582 desiderium
504 2532 610 2597 superest.

253 2654 256 2660 ,
272 2601 358 2649 Libros
368 2611 471 2662 quatuor
486 2597 635 2662 Elegiarum,
653 2594 698 2647 five
709 2614 819 2649 amorum
830 2618 929 2667 compo·-

239 2666 303 2727 suit,
318 2665 344 2713 in
361 2662 447 2739 quibus
463 2660 533 2716 facile
549 2662 662 2729 probatur
677 2661 750 2732 quim
768 2666 860 2733 elegans
874 2680 888 2729 ,⁶
903 2671 928 2717 δι
