2042 3534
189 191 194 197 ⁵
268 221 670 279 nrnrnrnruus.
771 228 817 297 1¹07

111 314 173 367 Nec
181 311 253 365 docet
263 314 310 365 lroc
321 329 405 364 ornnes
411 344 420 375 ‚
432 314 473 363 sed
483 330 545 381 quos
554 331 598 365 nec
608 318 695 369 inertia
702 321 797 383 tardat,

149 386 204 430 Nec
212 395 279 430 vetat
289 381 390 429 obscura
399 381 493 446 surgere
501 382 571 431 nosle
584 383 667 433 timor.

113 450 170 497 Nec
180 443 236 494 sinit
245 460 354 495 occurrat
364 446 509 512 quisquam,
525 448 568 512 qui
578 462 680 511 corpora
692 447 756 499 ferro

149 510 267 560 vulneret
273 545 283 571 ,
297 525 339 559 aut
349 525 417 575 rapta
427 513 525 576 premia
536 510 597 561 veste
607 526 683 577 petat.

112 577 233 642 Quisquis
243 592 326 625 amore
335 585 429 625 tenetur
435 610 444 636 ,
455 586 495 625 eat
503 578 574 625 tutus
586 594 632 637 ue,
645 579 756 647 sacerque

149 641 266 704 Qualibet
275 660 283 702 3
293 639 388 691 insidias
399 658 449 691 non
459 594 653 713 τὶιιιιιίίῖεἶεαῑ.ι

58 754 67 762 ,
113 709 177 757 Non
186 709 249 755 mihi
261 710 330 773 pigra
339 722 426 756 nocent
436 708 541 755 hiberae
552 706 646 772 srigora-
655 710 748 771 nostin

147 775 208 821 Non
218 774 298 831 nrihi,
312 768 367 821 crim
381 771 457 820 multa
467 770 557 820 decidit
572 773 649 821 imber
660 788 730 839 aqua.

113 840 177 887 Non
187 837 256 887 labor
266 838 307 885 hic
315 836 396 896 laedit,
411 837 498 885 reseret
507 833 587 885 modd·
592 837 661 886 Delia
671 838 762 903 postes,

146 906 179 951 Et
188 916 260 952 vocet
269 900 300 950 ad
310 900 430 967 digiti-me
439 900 662 951 taciturnasouum.

111 969 207 1017 Parcite
221 967 367 1026 luminibus,
381 967 421 1016 seu
434 969 488 1026 vir,
502 966 542 1015 itu
556 964 645 1017 semina
659 964 700 1017 fiat

146 1034 244 1080 Obvia!
256 1031 327 1081 celati
336 1030 393 1081 vult
400 1032 442 1081 sua
455 1030 520 1081 furta
534 1036 621 1081 Venus.

111 1098 170 1146 Neu
180 1096 278 1162 strepitu
291 1111 376 1145 terrete
386 1097 489 1163 pedum,
504 1112 551 1145 neu
561 1101 660 1163 quarite
672 1083 776 1159 noffien,

144 1164 202 1210 Neu
211 1174 288 1227 prope
296 1160 330 1211 ful
346 1166 397 1211 enti
405 1162 497 1211 lumina
506 1161 566 1211 ferte
579 1160 639 1210 face.

110 1227 136 1276 ai
147 1228 202 1293 quia
215 1230 241 1276 ὃ(
251 1178 387 1292 imprudens
398 1226 543 1292 adspexerit,
558 1226 653 1276 occulat
661 1226 701 1277 ille
707 1262 716 1287 ,

146 1295 191 1340 Per
208 1307 238 1351 ne
247 1296 311 1341 Deos
321 1308 405 1340 omnes
417 1293 440 1339 se
453 1284 586 1339 meminisse
599 1304 678 1357 neget.

111 1358 179 1405 Nam
189 1308 264 1405 guerit
274 1359 419 1422 quicumque
431 1355 535 1421 loquax,
549 1358 568 1403 is
583 1355 696 1421 sanguine
709 1368 817 1422 natam

144 1425 167 1469 Is
178 1418 317 1470 Venerem&
330 1420 415 1486 rapido
426 1420 511 1469 sentiet
522 1416 569 1469 effe
578 1424 648 1469 mari.

110 1487 166 1537 Nec
173 1501 256 1535 tamen
266 1488 324 1536 huic
333 1485 412 1536 credet
422 1491 511 1551 conjux
523 1501 591 1545 tuus,
608 1500 635 1536 ut
645 1485 708 1537 mihi
718 1499 791 1537 verax

143 1550 253 1600 Pollicita
261 1550 294 1601 est
303 1554 399 1619 magico
411 1552 467 1618 ssga
480 1550 620 1600 ministerio.

109 1618 179 1670 Hane
188 1632 235 1681 ego
244 1616 274 1664 de
283 1615 345 1666 coelo
356 1616 482 1679 ducentem
495 1614 569 1665 fidera
578 1614 644 1665 vidi:

141 1679 260 1730 Fulminis
269 1683 319 1729 lraec
329 1680 406 1747 rapidi
415 1682 520 1734 c'armine
530 1683 603 1730 vertit
613 1682 667 1729 iter.

110 1749 167 1797 llaec
179 1761 252 1795 cantu
264 1743 334 1795 findit
352 1761 383 1794 ue
395 1746 488 1807 solpun,
505 1743 632 1809 manesque
642 1743 755 1809 sepulcris

142 1808 229 1871 Elicit,
244 1762 474 1877 &tepidqodenbcat
489 1802 540 1859 olla
551 1825 620 1874 rogo.

108 1880 167 1927 Iam
177 1877 224 1925 ciet
238 1874 342 1925 infernas
352 1876 448 1941 magico
456 1873 555 1924 stridore
568 1884 690 1935 catervas;

91 1996 93 1999 f
141 1944 199 1991 Jam
211 1940 277 2003 iubet
287 1940 408 2005 adspersae
416 1940 474 1989 laete
486 1939 572 1988 referre
585 1936 679 2004 pedem.

108 2002 174 2056 etim
185 2004 259 2065 libet,
274 2006 325 2055 haec
337 2004 398 2054 tristi
408 2002 504 2069 depellit
513 2003 595 2053 nubila
606 2002 667 2051 coelo
676 2020 689 2063 3.

141 2068 207 2120 Cum
215 2069 289 2132 libet,
304 2069 394 2120 aestivas
403 2083 521 2119 convocat
531 2084 572 2117 ote
581 2068 657 2116 nives.

107 2134 163 2187 Sola
171 2150 250 2185 tenere
259 2134 333 2185 malas
344 2134 435 2185 Medea:
449 2133 538 2183 dicitur
547 2132 649 2191 herbas3

140 2200 195 2251 Sola
205 2199 268 2249 fetoa
278 2205 374 2249 Hecatae
386 2194 544 2266 perdomuisse
556 2212 634 2247 canes.

106 2269 164 2315 Haec
173 2267 236 2314 mihi
246 2267 382 2332 composuit
394 2279 492 2326 cautus,
504 2265 572 2331 queis
583 2260 663 2312 fallere
674 2256 758 2327 posset.

140 2335 188 2379 Ter
195 2347 268 2391 cane,
278 2346 314 2381 tet
325 2330 393 2379 dinis
404 2330 490 2397 despue
498 2329 653 2379 carminibus.

106 2394 149 2446 Ille
161 2396 224 2445 nihil
234 2399 324 2462 poterit
333 2395 363 2445 de
373 2397 442 2445 nobis
451 2394 546 2445 credere
555 2396 685 2459 cuiquam3

139 2462 201 2510 Non
210 2458 253 2510 fibi
259 2495 268 2521 ‚
279 2459 297 2510 fi
310 2463 336 2510 in
349 2460 418 2510 molli
431 2460 520 2510 viderit
532 2460 580 2525 ipsc
594 2473 660 2509 toro.
696 2486 698 2491 v

7 2522 8 2527 ’
20 2592 27 2601 ⁶
106 2528 145 2575 Tu
155 2541 236 2574 tamen
246 2526 359 2575 abstineat
370 2526 439 2574 aliis:
451 2540 508 2575 nam
517 2539 600 2575 eaeteta
611 2536 691 2573 cernet

139 2593 246 2651 Omnia5
258 2589 288 2639 de
302 2606 341 2640 me
355 2606 404 2641 uno
414 2592 499 2641 sentiet
512 2590 552 2639 ille
565 2589 635 2639 nihil.

107 2654 173 2717 Qud
182 2653 296 2708 credam?
306 2671 392 2724 nempe
403 2656 454 2708 hee
467 2654 551 2708 eadem
564 2656 587 2705 sc
601 2654 664 2705 dixit
673 2669 767 2706 amotae
802 2658 804 2663 '
