<?xml version="1.0" encoding="UTF-8"?>
<!DOCTYPE html PUBLIC "-//W3C//DTD XHTML 1.0 Transitional//EN"
    "http://www.w3.org/TR/xhtml1/DTD/xhtml1-transitional.dtd">
<html xmlns="http://www.w3.org/1999/xhtml" xml:lang="en" lang="en">
 <head>
  <title>
</title>
<meta http-equiv="Content-Type" content="text/html;charset=utf-8" />
  <meta name='ocr-system' content='tesseract 3.04.00' />
  <meta name='ocr-capabilities' content='ocr_page ocr_carea ocr_par ocr_line ocrx_word'/>
</head>
<body>
  <div class='ocr_page' id='page_1' title='image "./catullustibullu00maxigoog_0132.png"; bbox 0 0 2042 3534; ppageno 0'>
   <div class='ocr_carea' id='block_1_1' title="bbox 229 180 796 258">
    <p class='ocr_par' dir='ltr' id='par_1_1' title="bbox 229 180 796 258">
     <span class='ocr_line' id='line_1_1' title="bbox 229 180 796 258; baseline -0.004 -1"><span class='ocrx_word' id='word_1_1' title='bbox 229 222 274 258; x_wconf 66' lang='lat' dir='ltr'>n:</span> <span class='ocrx_word' id='word_1_2' title='bbox 374 180 796 256; x_wconf 73' lang='lat' dir='ltr'>rrnrrrrrurtr</span> 
     </span>
    </p>
   </div>
   <div class='ocr_carea' id='block_1_2' title="bbox 217 300 1005 2545">
    <p class='ocr_par' dir='ltr' id='par_1_2' title="bbox 217 300 1005 2545">
     <span class='ocr_line' id='line_1_2' title="bbox 224 300 817 367; baseline 0 -15"><span class='ocrx_word' id='word_1_3' title='bbox 224 300 342 353; x_wconf 79' lang='lat' dir='ltr'>Crudeles</span> <span class='ocrx_word' id='word_1_4' title='bbox 355 303 431 351; x_wconf 81' lang='lat' dir='ltr'>Divi!</span> <span class='ocrx_word' id='word_1_5' title='bbox 446 302 542 367; x_wconf 80' lang='lat' dir='ltr'>serpent</span> <span class='ocrx_word' id='word_1_6' title='bbox 553 316 630 351; x_wconf 82' lang='lat' dir='ltr'>novus</span> <span class='ocrx_word' id='word_1_7' title='bbox 646 302 712 350; x_wconf 86' lang='lat' dir='ltr'>exuit</span> <span class='ocrx_word' id='word_1_8' title='bbox 725 316 817 352; x_wconf 81' lang='lat' dir='ltr'>annorr</span> 
     </span>
     <span class='ocr_line' id='line_1_3' title="bbox 249 364 781 416; baseline 0.002 -2"><span class='ocrx_word' id='word_1_9' title='bbox 249 372 354 416; x_wconf 69' lang='lat' dir='ltr'>‘Formae</span> <span class='ocrx_word' id='word_1_10' title='bbox 367 382 417 415; x_wconf 87' lang='lat' dir='ltr'>non</span> <span class='ocrx_word' id='word_1_11' title='bbox 428 366 501 415; x_wconf 91' lang='lat' dir='ltr'>ullam</span> <span class='ocrx_word' id='word_1_12' title='bbox 515 365 566 414; x_wconf 82' lang='lat' dir='ltr'>fata</span> <span class='ocrx_word' id='word_1_13' title='bbox 578 364 663 413; x_wconf 80' lang='lat' dir='ltr'>dedere</span> <span class='ocrx_word' id='word_1_14' title='bbox 678 381 781 415; x_wconf 82' lang='lat' dir='ltr'>moram.</span> 
     </span>
     <span class='ocr_line' id='line_1_4' title="bbox 227 429 843 495; baseline 0.002 -16"><span class='ocrx_word' id='word_1_15' title='bbox 227 431 290 480; x_wconf 79' lang='lat' dir='ltr'>Solis</span> <span class='ocrx_word' id='word_1_16' title='bbox 305 446 393 479; x_wconf 72' lang='lat' dir='ltr'>aterna</span> <span class='ocrx_word' id='word_1_17' title='bbox 406 430 438 479; x_wconf 87' lang='lat' dir='ltr'>est</span> <span class='ocrx_word' id='word_1_18' title='bbox 451 429 544 479; x_wconf 74' lang='lat' dir='ltr'>Phoebo</span> <span class='ocrx_word' id='word_1_19' title='bbox 551 463 560 489; x_wconf 89' lang='lat'>,</span> <span class='ocrx_word' id='word_1_20' title='bbox 573 430 713 495; x_wconf 77' lang='lat' dir='ltr'>Bacchoque</span> <span class='ocrx_word' id='word_1_21' title='bbox 725 435 843 491; x_wconf 72' lang='lat' dir='ltr'>juventae</span> 
     </span>
     <span class='ocr_line' id='line_1_5' title="bbox 262 494 860 547; baseline 0.007 -4"><span class='ocrx_word' id='word_1_22' title='bbox 262 499 328 543; x_wconf 87' lang='lat' dir='ltr'>Nam</span> <span class='ocrx_word' id='word_1_23' title='bbox 337 494 404 543; x_wconf 87' lang='lat' dir='ltr'>decet</span> <span class='ocrx_word' id='word_1_24' title='bbox 419 496 527 542; x_wconf 75' lang='lat' dir='ltr'>inronsus</span> <span class='ocrx_word' id='word_1_25' title='bbox 541 495 612 542; x_wconf 78' lang='lat' dir='ltr'>crinis</span> <span class='ocrx_word' id='word_1_26' title='bbox 627 508 666 543; x_wconf 92' lang='lat' dir='ltr'>utr</span> <span class='ocrx_word' id='word_1_27' title='bbox 726 511 754 542; x_wconf 94' lang='lat' dir='ltr'>ue</span> <span class='ocrx_word' id='word_1_28' title='bbox 765 500 860 547; x_wconf 86' lang='lat' dir='ltr'>Deum.</span> 
     </span>
     <span class='ocr_line' id='line_1_6' title="bbox 228 560 1005 627; baseline 0.008 -19"><span class='ocrx_word' id='word_1_29' title='bbox 228 560 285 608; x_wconf 76' lang='lat' dir='ltr'>Neu</span> <span class='ocrx_word' id='word_1_30' title='bbox 295 576 375 608; x_wconf 80' lang='lat' dir='ltr'>comer</span> <span class='ocrx_word' id='word_1_31' title='bbox 385 561 419 625; x_wconf 82' lang='lat' dir='ltr'>ire</span> <span class='ocrx_word' id='word_1_32' title='bbox 433 574 519 623; x_wconf 82' lang='lat' dir='ltr'>neges,</span> <span class='ocrx_word' id='word_1_33' title='bbox 535 561 646 623; x_wconf 74' lang='lat' dir='ltr'>quamvis</span> <span class='ocrx_word' id='word_1_34' title='bbox 662 561 703 607; x_wconf 80' lang='lat' dir='ltr'>via</span> <span class='ocrx_word' id='word_1_35' title='bbox 724 575 787 625; x_wconf 81' lang='lat' dir='ltr'>onga</span> <span class='ocrx_word' id='word_1_36' title='bbox 799 578 926 627; x_wconf 82' lang='lat' dir='ltr'>paretur,</span> <span class='ocrx_word' id='word_1_37' title='bbox 1004 564 1005 567; x_wconf 69' lang='grc'>’</span> 
     </span>
     <span class='ocr_line' id='line_1_7' title="bbox 262 620 747 673; baseline -0.002 -1"><span class='ocrx_word' id='word_1_38' title='bbox 262 628 292 673; x_wconf 80' lang='lat' dir='ltr'>Er</span> <span class='ocrx_word' id='word_1_39' title='bbox 305 626 369 671; x_wconf 80' lang='lat' dir='ltr'>canis</span> <span class='ocrx_word' id='word_1_40' title='bbox 378 626 455 672; x_wconf 84' lang='lat' dir='ltr'>arenti</span> <span class='ocrx_word' id='word_1_41' title='bbox 467 622 558 672; x_wconf 81' lang='lat' dir='ltr'>rbrrear</span> <span class='ocrx_word' id='word_1_42' title='bbox 572 620 696 672; x_wconf 53' lang='lat' dir='ltr'>amalus</span> <span class='ocrx_word' id='word_1_43' title='bbox 735 622 747 662; x_wconf 83' lang='lat'>&#39;-</span> 
     </span>
     <span class='ocr_line' id='line_1_8' title="bbox 231 686 814 755; baseline 0.005 -20"><span class='ocrx_word' id='word_1_44' title='bbox 231 690 350 750; x_wconf 73' lang='lat' dir='ltr'>Quamvis</span> <span class='ocrx_word' id='word_1_45' title='bbox 364 702 492 753; x_wconf 75' lang='lat' dir='ltr'>pratexenr</span> <span class='ocrx_word' id='word_1_46' title='bbox 505 686 814 755; x_wconf 16' lang='lat' dir='ltr'>piliaferruginecfoelum,</span> 
     </span>
     <span class='ocr_line' id='line_1_9' title="bbox 257 750 845 819; baseline 0.01 -20"><span class='ocrx_word' id='word_1_47' title='bbox 257 756 392 801; x_wconf 79' lang='lat' dir='ltr'>Venturam</span> <span class='ocrx_word' id='word_1_48' title='bbox 410 750 524 801; x_wconf 72' lang='lat' dir='ltr'>admittet</span> <span class='ocrx_word' id='word_1_49' title='bbox 541 750 651 801; x_wconf 80' lang='lat' dir='ltr'>imbrifer</span> <span class='ocrx_word' id='word_1_50' title='bbox 663 768 731 802; x_wconf 82' lang='lat' dir='ltr'>arcus</span> <span class='ocrx_word' id='word_1_51' title='bbox 745 754 845 819; x_wconf 79' lang='lat' dir='ltr'>aquarn.</span> 
     </span>
     <span class='ocr_line' id='line_1_10' title="bbox 224 815 784 887; baseline 0.004 -22"><span class='ocrx_word' id='word_1_52' title='bbox 224 816 270 866; x_wconf 83' lang='lat' dir='ltr'>Vel</span> <span class='ocrx_word' id='word_1_53' title='bbox 281 815 415 867; x_wconf 74' lang='lat' dir='ltr'>dcaeruleas</span> <span class='ocrx_word' id='word_1_54' title='bbox 430 819 504 887; x_wconf 83' lang='lat' dir='ltr'>puppi</span> <span class='ocrx_word' id='word_1_55' title='bbox 514 816 579 865; x_wconf 83' lang='lat' dir='ltr'>volet</span> <span class='ocrx_word' id='word_1_56' title='bbox 589 818 624 864; x_wconf 85' lang='lat' dir='ltr'>ire</span> <span class='ocrx_word' id='word_1_57' title='bbox 638 832 679 881; x_wconf 86' lang='lat' dir='ltr'>per</span> <span class='ocrx_word' id='word_1_58' title='bbox 692 816 784 878; x_wconf 84' lang='lat' dir='ltr'>undar,</span> 
     </span>
     <span class='ocr_line' id='line_1_11' title="bbox 258 880 793 947; baseline 0.007 -18"><span class='ocrx_word' id='word_1_59' title='bbox 258 882 310 947; x_wconf 79' lang='lat' dir='ltr'>lpse</span> <span class='ocrx_word' id='word_1_60' title='bbox 326 882 405 931; x_wconf 86' lang='lat' dir='ltr'>levem</span> <span class='ocrx_word' id='word_1_61' title='bbox 416 898 484 930; x_wconf 87' lang='lat' dir='ltr'>remo</span> <span class='ocrx_word' id='word_1_62' title='bbox 502 896 544 945; x_wconf 86' lang='lat' dir='ltr'>per</span> <span class='ocrx_word' id='word_1_63' title='bbox 557 880 618 929; x_wconf 84' lang='lat' dir='ltr'>freta</span> <span class='ocrx_word' id='word_1_64' title='bbox 647 880 690 929; x_wconf 85' lang='lat' dir='ltr'>elle</span> <span class='ocrx_word' id='word_1_65' title='bbox 706 896 793 933; x_wconf 84' lang='lat' dir='ltr'>ratem.</span> 
     </span>
     <span class='ocr_line' id='line_1_12' title="bbox 225 945 795 1009; baseline 0.004 -15"><span class='ocrx_word' id='word_1_66' title='bbox 225 948 278 994; x_wconf 84' lang='lat' dir='ltr'>Nec</span> <span class='ocrx_word' id='word_1_67' title='bbox 292 959 316 994; x_wconf 87' lang='lat' dir='ltr'>te</span> <span class='ocrx_word' id='word_1_68' title='bbox 329 950 447 1009; x_wconf 75' lang='lat' dir='ltr'>prenittat</span> <span class='ocrx_word' id='word_1_69' title='bbox 462 945 536 993; x_wconf 78' lang='lat' dir='ltr'>duros</span> <span class='ocrx_word' id='word_1_70' title='bbox 549 945 611 994; x_wconf 89' lang='lat' dir='ltr'>subii</span> <span class='ocrx_word' id='word_1_71' title='bbox 632 962 644 993; x_wconf 90' lang='lat' dir='ltr'>t</span> <span class='ocrx_word' id='word_1_72' title='bbox 660 945 769 1007; x_wconf 80' lang='lat' dir='ltr'>labores,</span> <span class='ocrx_word' id='word_1_73' title='bbox 793 964 795 971; x_wconf 64' lang='lat'><strong>⁴</strong></span> 
     </span>
     <span class='ocr_line' id='line_1_13' title="bbox 255 1006 752 1061; baseline 0.008 -4"><span class='ocrx_word' id='word_1_74' title='bbox 255 1015 306 1058; x_wconf 80' lang='lat' dir='ltr'>Aur</span> <span class='ocrx_word' id='word_1_75' title='bbox 369 1014 389 1058; x_wconf 94' lang='lat' dir='ltr'>ri</span> <span class='ocrx_word' id='word_1_76' title='bbox 406 1011 508 1059; x_wconf 77' lang='lat' dir='ltr'>insuetae</span> <span class='ocrx_word' id='word_1_77' title='bbox 525 1006 644 1058; x_wconf 82' lang='lat' dir='ltr'>atteruille</span> <span class='ocrx_word' id='word_1_78' title='bbox 659 1026 752 1061; x_wconf 83' lang='lat' dir='ltr'>manus.</span> 
     </span>
     <span class='ocr_line' id='line_1_14' title="bbox 223 1072 780 1135; baseline 0 -11"><span class='ocrx_word' id='word_1_79' title='bbox 223 1076 289 1133; x_wconf 78' lang='lat' dir='ltr'>Nec,</span> <span class='ocrx_word' id='word_1_80' title='bbox 305 1088 334 1124; x_wconf 84' lang='lat' dir='ltr'>ve</span> <span class='ocrx_word' id='word_1_81' title='bbox 347 1077 364 1122; x_wconf 83' lang='lat' dir='ltr'>&#39;t</span> <span class='ocrx_word' id='word_1_82' title='bbox 377 1072 467 1122; x_wconf 83' lang='lat' dir='ltr'>inlidiir</span> <span class='ocrx_word' id='word_1_83' title='bbox 477 1074 537 1123; x_wconf 74' lang='lat' dir='ltr'>altas</span> <span class='ocrx_word' id='word_1_84' title='bbox 552 1072 685 1123; x_wconf 80' lang='lat' dir='ltr'>litlaudtre</span> <span class='ocrx_word' id='word_1_85' title='bbox 692 1075 780 1135; x_wconf 82' lang='lat' dir='ltr'>valles,</span> 
     </span>
     <span class='ocr_line' id='line_1_15' title="bbox 255 1136 882 1207; baseline 0.003 -20"><span class='ocrx_word' id='word_1_86' title='bbox 255 1142 322 1187; x_wconf 86' lang='lat' dir='ltr'>Dum</span> <span class='ocrx_word' id='word_1_87' title='bbox 331 1138 439 1203; x_wconf 83' lang='lat' dir='ltr'>placeas,</span> <span class='ocrx_word' id='word_1_88' title='bbox 453 1140 549 1187; x_wconf 81' lang='lat' dir='ltr'>humeri</span> <span class='ocrx_word' id='word_1_89' title='bbox 559 1142 621 1187; x_wconf 85' lang='lat' dir='ltr'>retia</span> <span class='ocrx_word' id='word_1_90' title='bbox 631 1136 691 1187; x_wconf 83' lang='lat' dir='ltr'>ferre</span> <span class='ocrx_word' id='word_1_91' title='bbox 702 1155 808 1207; x_wconf 72' lang='lat' dir='ltr'>negent·</span> <span class='ocrx_word' id='word_1_92' title='bbox 845 1200 848 1205; x_wconf 32' lang='grc' dir='ltr'>Ι</span> <span class='ocrx_word' id='word_1_93' title='bbox 878 1163 882 1195; x_wconf 80' lang='grc' dir='ltr'><strong><em>ς</em></strong></span> 
     </span>
     <span class='ocr_line' id='line_1_16' title="bbox 217 1201 1005 1263; baseline 0.004 -15"><span class='ocrx_word' id='word_1_94' title='bbox 217 1203 248 1251; x_wconf 71' lang='lat' dir='ltr'>‚ei</span> <span class='ocrx_word' id='word_1_95' title='bbox 261 1202 327 1251; x_wconf 81' lang='lat' dir='ltr'>volet</span> <span class='ocrx_word' id='word_1_96' title='bbox 340 1219 421 1263; x_wconf 84' lang='lat' dir='ltr'>arma,</span> <span class='ocrx_word' id='word_1_97' title='bbox 438 1203 486 1251; x_wconf 87' lang='lat' dir='ltr'>levi</span> <span class='ocrx_word' id='word_1_98' title='bbox 500 1203 605 1252; x_wconf 82' lang='lat' dir='ltr'>tentabis</span> <span class='ocrx_word' id='word_1_99' title='bbox 617 1201 698 1251; x_wconf 88' lang='lat' dir='ltr'>ludere</span> <span class='ocrx_word' id='word_1_100' title='bbox 710 1203 807 1255; x_wconf 71' lang='lat' dir='ltr'>dextrae</span> <span class='ocrx_word' id='word_1_101' title='bbox 1004 1234 1005 1247; x_wconf 46' lang='lat' dir='ltr'>r</span> 
     </span>
     <span class='ocr_line' id='line_1_17' title="bbox 256 1266 1005 1331; baseline 0.005 -16"><span class='ocrx_word' id='word_1_102' title='bbox 256 1266 394 1331; x_wconf 79' lang='lat' dir='ltr'>Sapedabir</span> <span class='ocrx_word' id='word_1_103' title='bbox 406 1267 513 1328; x_wconf 87' lang='lat' dir='ltr'>nudum,</span> <span class='ocrx_word' id='word_1_104' title='bbox 531 1270 648 1317; x_wconf 82' lang='lat' dir='ltr'>vincatur</span> <span class='ocrx_word' id='word_1_105' title='bbox 664 1266 804 1327; x_wconf 80' lang='lat' dir='ltr'>ille,·latus.</span> <span class='ocrx_word' id='word_1_106' title='bbox 859 1308 862 1313; x_wconf 34' lang='lat' dir='ltr'>r</span> <span class='ocrx_word' id='word_1_107' title='bbox 905 1318 909 1323; x_wconf 88' lang='grc'>,</span> <span class='ocrx_word' id='word_1_108' title='bbox 1004 1276 1005 1307; x_wconf 54' lang='lat' dir='ltr'><strong>ff</strong></span> 
     </span>
     <span class='ocr_line' id='line_1_18' title="bbox 221 1333 831 1393; baseline 0.003 -12"><span class='ocrx_word' id='word_1_109' title='bbox 221 1334 292 1381; x_wconf 77' lang='lat' dir='ltr'>&#39;runc</span> <span class='ocrx_word' id='word_1_110' title='bbox 306 1334 352 1381; x_wconf 85' lang='lat' dir='ltr'>ribi</span> <span class='ocrx_word' id='word_1_111' title='bbox 363 1336 433 1382; x_wconf 75' lang='lat' dir='ltr'>&#39;mitit</span> <span class='ocrx_word' id='word_1_112' title='bbox 447 1336 509 1393; x_wconf 81' lang='lat' dir='ltr'>erit3</span> <span class='ocrx_word' id='word_1_113' title='bbox 522 1349 548 1381; x_wconf 84' lang='lat' dir='ltr'>ra</span> <span class='ocrx_word' id='word_1_114' title='bbox 564 1334 600 1381; x_wconf 84' lang='lat' dir='ltr'>ias</span> <span class='ocrx_word' id='word_1_115' title='bbox 615 1346 667 1381; x_wconf 81' lang='lat' dir='ltr'>tum</span> <span class='ocrx_word' id='word_1_116' title='bbox 684 1348 739 1381; x_wconf 85' lang='lat' dir='ltr'>cara</span> <span class='ocrx_word' id='word_1_117' title='bbox 748 1333 831 1383; x_wconf 88' lang='lat' dir='ltr'>licebit</span> 
     </span>
     <span class='ocr_line' id='line_1_19' title="bbox 256 1350 819 1463; baseline 0.004 -19"><span class='ocrx_word' id='word_1_118' title='bbox 256 1396 358 1446; x_wconf 83' lang='lat' dir='ltr'>Oscula:</span> <span class='ocrx_word' id='word_1_119' title='bbox 375 1398 505 1463; x_wconf 79' lang='lat' dir='ltr'>pugnabit,</span> <span class='ocrx_word' id='word_1_120' title='bbox 523 1350 564 1445; x_wconf 80' lang='lat' dir='ltr'>sed</span> <span class='ocrx_word' id='word_1_121' title='bbox 580 1412 660 1453; x_wconf 78' lang='lat' dir='ltr'>remen</span> <span class='ocrx_word' id='word_1_122' title='bbox 673 1409 728 1461; x_wconf 80' lang='lat' dir='ltr'>apta</span> <span class='ocrx_word' id='word_1_123' title='bbox 741 1396 819 1446; x_wconf 88' lang='lat' dir='ltr'>dabir.</span> 
     </span>
     <span class='ocr_line' id='line_1_20' title="bbox 223 1458 845 1528; baseline -0.002 -17"><span class='ocrx_word' id='word_1_124' title='bbox 223 1464 305 1525; x_wconf 81' lang='lat' dir='ltr'>Rapta</span> <span class='ocrx_word' id='word_1_125' title='bbox 318 1462 385 1515; x_wconf 74' lang='lat' dir='ltr'>dabir</span> <span class='ocrx_word' id='word_1_126' title='bbox 400 1459 494 1527; x_wconf 76' lang='lat' dir='ltr'>primb:</span> <span class='ocrx_word' id='word_1_127' title='bbox 509 1460 560 1526; x_wconf 77' lang='lat' dir='ltr'>post</span> <span class='ocrx_word' id='word_1_128' title='bbox 576 1458 660 1509; x_wconf 80' lang='lat' dir='ltr'>offeret</span> <span class='ocrx_word' id='word_1_129' title='bbox 674 1462 722 1528; x_wconf 83' lang='lat' dir='ltr'>ipse</span> <span class='ocrx_word' id='word_1_130' title='bbox 735 1460 827 1510; x_wconf 87' lang='lat' dir='ltr'>volenti</span> <span class='ocrx_word' id='word_1_131' title='bbox 835 1482 845 1523; x_wconf 81' lang='lat'>3</span> 
     </span>
     <span class='ocr_line' id='line_1_21' title="bbox 255 1521 1005 1589; baseline 0 -16"><span class='ocrx_word' id='word_1_132' title='bbox 255 1524 308 1573; x_wconf 87' lang='lat' dir='ltr'>Post</span> <span class='ocrx_word' id='word_1_133' title='bbox 320 1525 468 1573; x_wconf 87' lang='lat' dir='ltr'>etiamcollo</span> <span class='ocrx_word' id='word_1_134' title='bbox 479 1525 502 1572; x_wconf 89' lang='lat' dir='ltr'>se</span> <span class='ocrx_word' id='word_1_135' title='bbox 519 1521 659 1589; x_wconf 80' lang='lat' dir='ltr'>implicuilse</span> <span class='ocrx_word' id='word_1_136' title='bbox 673 1524 747 1574; x_wconf 88' lang='lat' dir='ltr'>volet.</span> <span class='ocrx_word' id='word_1_137' title='bbox 787 1544 789 1548; x_wconf 93' lang='lat'>·</span> <span class='ocrx_word' id='word_1_138' title='bbox 1004 1568 1005 1573; x_wconf 74' lang='grc'>,</span> 
     </span>
     <span class='ocr_line' id='line_1_22' title="bbox 221 1588 1005 1645; baseline 0.009 -7"><span class='ocrx_word' id='word_1_139' title='bbox 221 1590 275 1639; x_wconf 79' lang='lat' dir='ltr'>Heu</span> <span class='ocrx_word' id='word_1_140' title='bbox 288 1588 350 1637; x_wconf 70' lang='lat' dir='ltr'>male</span> <span class='ocrx_word' id='word_1_141' title='bbox 366 1593 429 1637; x_wconf 88' lang='lat' dir='ltr'>nunc</span> <span class='ocrx_word' id='word_1_142' title='bbox 443 1604 504 1637; x_wconf 81' lang='lat' dir='ltr'>artes</span> <span class='ocrx_word' id='word_1_143' title='bbox 519 1590 615 1637; x_wconf 84' lang='lat' dir='ltr'>miseras</span> <span class='ocrx_word' id='word_1_144' title='bbox 630 1591 681 1637; x_wconf 81' lang='lat' dir='ltr'>haec</span> <span class='ocrx_word' id='word_1_145' title='bbox 694 1588 771 1639; x_wconf 66' lang='lat' dir='ltr'>secula</span> <span class='ocrx_word' id='word_1_146' title='bbox 783 1593 906 1645; x_wconf 60' lang='lat' dir='ltr'>tradant!</span> <span class='ocrx_word' id='word_1_147' title='bbox 1004 1598 1005 1603; x_wconf 75' lang='grc'>’</span> 
     </span>
     <span class='ocr_line' id='line_1_23' title="bbox 255 1652 908 1719; baseline 0.006 -19"><span class='ocrx_word' id='word_1_148' title='bbox 255 1656 311 1700; x_wconf 85' lang='lat' dir='ltr'>Jam</span> <span class='ocrx_word' id='word_1_149' title='bbox 321 1666 387 1701; x_wconf 88' lang='lat' dir='ltr'>tener</span> <span class='ocrx_word' id='word_1_150' title='bbox 397 1652 505 1702; x_wconf 85' lang='lat' dir='ltr'>adsuevit</span> <span class='ocrx_word' id='word_1_151' title='bbox 519 1668 618 1702; x_wconf 88' lang='lat' dir='ltr'>munera</span> <span class='ocrx_word' id='word_1_152' title='bbox 630 1654 690 1704; x_wconf 84' lang='lat' dir='ltr'>velle</span> <span class='ocrx_word' id='word_1_153' title='bbox 701 1668 768 1719; x_wconf 84' lang='lat' dir='ltr'>puer.</span> <span class='ocrx_word' id='word_1_154' title='bbox 903 1700 908 1704; x_wconf 90' lang='lat'>.</span> 
     </span>
     <span class='ocr_line' id='line_1_24' title="bbox 220 1717 871 1787; baseline 0.009 -21"><span class='ocrx_word' id='word_1_155' title='bbox 220 1718 278 1766; x_wconf 74' lang='lat' dir='ltr'>Iam</span> <span class='ocrx_word' id='word_1_156' title='bbox 288 1730 331 1775; x_wconf 89' lang='lat' dir='ltr'>tu,</span> <span class='ocrx_word' id='word_1_157' title='bbox 346 1720 389 1782; x_wconf 92' lang='lat' dir='ltr'>qui</span> <span class='ocrx_word' id='word_1_158' title='bbox 403 1722 520 1766; x_wconf 88' lang='lat' dir='ltr'>Venerem</span> <span class='ocrx_word' id='word_1_159' title='bbox 531 1717 632 1767; x_wconf 83' lang='lat' dir='ltr'>docuisti</span> <span class='ocrx_word' id='word_1_160' title='bbox 649 1720 749 1768; x_wconf 87' lang='lat' dir='ltr'>vendere</span> <span class='ocrx_word' id='word_1_161' title='bbox 756 1723 871 1787; x_wconf 64' lang='lat' dir='ltr'>primus,</span> 
     </span>
     <span class='ocr_line' id='line_1_25' title="bbox 237 1780 907 1848; baseline 0.006 -20"><span class='ocrx_word' id='word_1_162' title='bbox 237 1791 242 1795; x_wconf 84' lang='grc'><strong>’</strong></span> <span class='ocrx_word' id='word_1_163' title='bbox 254 1782 368 1846; x_wconf 87' lang='lat' dir='ltr'>Quisquis</span> <span class='ocrx_word' id='word_1_164' title='bbox 382 1799 422 1842; x_wconf 82' lang='lat' dir='ltr'>es,</span> <span class='ocrx_word' id='word_1_165' title='bbox 438 1781 521 1831; x_wconf 86' lang='lat' dir='ltr'>infelix</span> <span class='ocrx_word' id='word_1_166' title='bbox 536 1797 618 1848; x_wconf 79' lang='lat' dir='ltr'>urgeat</span> <span class='ocrx_word' id='word_1_167' title='bbox 627 1780 676 1833; x_wconf 82' lang='lat' dir='ltr'>offa</span> <span class='ocrx_word' id='word_1_168' title='bbox 690 1782 758 1848; x_wconf 83' lang='lat' dir='ltr'>lapis.</span> <span class='ocrx_word' id='word_1_169' title='bbox 901 1792 907 1801; x_wconf 89' lang='lat'>&#39;</span> 
     </span>
     <span class='ocr_line' id='line_1_26' title="bbox 220 1845 781 1911; baseline 0.004 -16"><span class='ocrx_word' id='word_1_170' title='bbox 220 1845 341 1905; x_wconf 77' lang='lat' dir='ltr'>Pieridas,</span> <span class='ocrx_word' id='word_1_171' title='bbox 356 1851 441 1911; x_wconf 84' lang='lat' dir='ltr'>pueri,</span> <span class='ocrx_word' id='word_1_172' title='bbox 457 1846 538 1896; x_wconf 76' lang='lat' dir='ltr'>dbblor</span> <span class='ocrx_word' id='word_1_173' title='bbox 551 1852 577 1896; x_wconf 79' lang='lat' dir='ltr'>br</span> <span class='ocrx_word' id='word_1_174' title='bbox 592 1863 670 1897; x_wconf 75' lang='lat' dir='ltr'>muare</span> <span class='ocrx_word' id='word_1_175' title='bbox 683 1850 781 1911; x_wconf 78' lang='lat' dir='ltr'>Poe&#39;tas5</span> 
     </span>
     <span class='ocr_line' id='line_1_27' title="bbox 249 1911 745 1975; baseline 0.004 -16"><span class='ocrx_word' id='word_1_176' title='bbox 249 1915 335 1959; x_wconf 68' lang='lat' dir='ltr'>Auter</span> <span class='ocrx_word' id='word_1_177' title='bbox 343 1927 387 1959; x_wconf 86' lang='lat' dir='ltr'>nec</span> <span class='ocrx_word' id='word_1_178' title='bbox 399 1913 509 1975; x_wconf 80' lang='lat' dir='ltr'>superent</span> <span class='ocrx_word' id='word_1_179' title='bbox 522 1923 620 1960; x_wconf 75' lang='lat' dir='ltr'>munere</span> <span class='ocrx_word' id='word_1_180' title='bbox 634 1911 745 1961; x_wconf 80' lang='lat' dir='ltr'>Pieridas.</span> 
     </span>
     <span class='ocr_line' id='line_1_28' title="bbox 220 1974 883 2041; baseline 0.011 -18"><span class='ocrx_word' id='word_1_181' title='bbox 220 1976 336 2024; x_wconf 81' lang='lat' dir='ltr'>Carmine</span> <span class='ocrx_word' id='word_1_182' title='bbox 344 1992 459 2041; x_wconf 85' lang='lat' dir='ltr'>purpurea</span> <span class='ocrx_word' id='word_1_183' title='bbox 468 1976 501 2024; x_wconf 87' lang='lat' dir='ltr'>est</span> <span class='ocrx_word' id='word_1_184' title='bbox 513 1974 566 2024; x_wconf 80' lang='lat' dir='ltr'>Nifi&#39;</span> <span class='ocrx_word' id='word_1_185' title='bbox 574 1975 659 2025; x_wconf 82' lang='lat' dir='ltr'>coma:</span> <span class='ocrx_word' id='word_1_186' title='bbox 671 1980 776 2041; x_wconf 83' lang='lat' dir='ltr'>carmina</span> <span class='ocrx_word' id='word_1_187' title='bbox 783 1977 808 2027; x_wconf 83' lang='lat' dir='ltr'>nl</span> <span class='ocrx_word' id='word_1_188' title='bbox 818 1977 883 2041; x_wconf 79' lang='lat' dir='ltr'>sint,</span> 
     </span>
     <span class='ocr_line' id='line_1_29' title="bbox 255 2036 903 2105; baseline 0 -16"><span class='ocrx_word' id='word_1_189' title='bbox 255 2044 289 2089; x_wconf 79' lang='lat' dir='ltr'>Ex</span> <span class='ocrx_word' id='word_1_190' title='bbox 300 2041 401 2089; x_wconf 81' lang='lat' dir='ltr'>humero</span> <span class='ocrx_word' id='word_1_191' title='bbox 416 2040 507 2105; x_wconf 82' lang='lat' dir='ltr'>Pelopis</span> <span class='ocrx_word' id='word_1_192' title='bbox 518 2057 567 2091; x_wconf 90' lang='lat' dir='ltr'>non</span> <span class='ocrx_word' id='word_1_193' title='bbox 576 2036 683 2089; x_wconf 77' lang='lat' dir='ltr'>nituisset</span> <span class='ocrx_word' id='word_1_194' title='bbox 695 2044 760 2090; x_wconf 91' lang='lat' dir='ltr'>ebur.</span> <span class='ocrx_word' id='word_1_195' title='bbox 897 2050 903 2089; x_wconf 87' lang='grc'>.’</span> 
     </span>
     <span class='ocr_line' id='line_1_30' title="bbox 219 2103 881 2169; baseline 0.008 -18"><span class='ocrx_word' id='word_1_196' title='bbox 219 2107 301 2167; x_wconf 81' lang='lat' dir='ltr'>Quem</span> <span class='ocrx_word' id='word_1_197' title='bbox 315 2103 514 2169; x_wconf 78' lang='lat' dir='ltr'>referentMusa,</span> <span class='ocrx_word' id='word_1_198' title='bbox 530 2108 611 2165; x_wconf 84' lang='lat' dir='ltr'>viver,</span> <span class='ocrx_word' id='word_1_199' title='bbox 625 2105 684 2153; x_wconf 89' lang='lat' dir='ltr'>dum</span> <span class='ocrx_word' id='word_1_200' title='bbox 694 2107 781 2155; x_wconf 89' lang='lat' dir='ltr'>robora</span> <span class='ocrx_word' id='word_1_201' title='bbox 794 2106 881 2169; x_wconf 86' lang='lat' dir='ltr'>tellus,</span> 
     </span>
     <span class='ocr_line' id='line_1_31' title="bbox 253 2168 901 2236; baseline 0.006 -21"><span class='ocrx_word' id='word_1_202' title='bbox 253 2173 319 2216; x_wconf 86' lang='lat' dir='ltr'>Dum</span> <span class='ocrx_word' id='word_1_203' title='bbox 332 2169 419 2217; x_wconf 73' lang='lat' dir='ltr'>corium</span> <span class='ocrx_word' id='word_1_204' title='bbox 433 2168 523 2229; x_wconf 84' lang='lat' dir='ltr'>stellas,</span> <span class='ocrx_word' id='word_1_205' title='bbox 540 2169 599 2218; x_wconf 86' lang='lat' dir='ltr'>dum</span> <span class='ocrx_word' id='word_1_206' title='bbox 609 2171 681 2219; x_wconf 89' lang='lat' dir='ltr'>vehet</span> <span class='ocrx_word' id='word_1_207' title='bbox 689 2173 766 2219; x_wconf 84' lang='lat' dir='ltr'>amnis</span> <span class='ocrx_word' id='word_1_208' title='bbox 780 2186 863 2236; x_wconf 82' lang='lat' dir='ltr'>aquas.</span> <span class='ocrx_word' id='word_1_209' title='bbox 888 2180 901 2219; x_wconf 88' lang='grc'>·.</span> 
     </span>
     <span class='ocr_line' id='line_1_32' title="bbox 219 2232 861 2299; baseline 0 -16"><span class='ocrx_word' id='word_1_210' title='bbox 219 2237 256 2283; x_wconf 77' lang='lat' dir='ltr'>At</span> <span class='ocrx_word' id='word_1_211' title='bbox 285 2235 309 2279; x_wconf 92' lang='lat' dir='ltr'>ui</span> <span class='ocrx_word' id='word_1_212' title='bbox 325 2246 373 2281; x_wconf 90' lang='lat' dir='ltr'>non</span> <span class='ocrx_word' id='word_1_213' title='bbox 387 2232 455 2280; x_wconf 85' lang='lat' dir='ltr'>audit</span> <span class='ocrx_word' id='word_1_214' title='bbox 469 2236 550 2283; x_wconf 83' lang='lat' dir='ltr'>Musas</span> <span class='ocrx_word' id='word_1_215' title='bbox 558 2267 573 2293; x_wconf 83' lang='lat'>,.</span> <span class='ocrx_word' id='word_1_216' title='bbox 586 2237 628 2299; x_wconf 89' lang='lat' dir='ltr'>qui</span> <span class='ocrx_word' id='word_1_217' title='bbox 638 2234 721 2283; x_wconf 78' lang='lat' dir='ltr'>vendit</span> <span class='ocrx_word' id='word_1_218' title='bbox 735 2251 861 2297; x_wconf 80' lang='lat' dir='ltr'>amorem,</span> 
     </span>
     <span class='ocr_line' id='line_1_33' title="bbox 253 2248 684 2363; baseline 0.009 -20"><span class='ocrx_word' id='word_1_219' title='bbox 253 2248 320 2345; x_wconf 77' lang='lat' dir='ltr'>Idaeae</span> <span class='ocrx_word' id='word_1_220' title='bbox 333 2297 413 2345; x_wconf 72' lang='lat' dir='ltr'>&#39;currus</span> <span class='ocrx_word' id='word_1_221' title='bbox 427 2296 470 2345; x_wconf 86' lang='lat' dir='ltr'>ille</span> <span class='ocrx_word' id='word_1_222' title='bbox 483 2298 594 2363; x_wconf 81' lang='lat' dir='ltr'>sequatur</span> <span class='ocrx_word' id='word_1_223' title='bbox 609 2302 684 2363; x_wconf 78' lang='lat' dir='ltr'>Opir3</span> 
     </span>
     <span class='ocr_line' id='line_1_34' title="bbox 220 2360 841 2429; baseline 0.005 -19"><span class='ocrx_word' id='word_1_224' title='bbox 220 2364 299 2413; x_wconf 83' lang='lat' dir='ltr'>Erret</span> <span class='ocrx_word' id='word_1_225' title='bbox 312 2376 420 2410; x_wconf 76' lang='lat' dir='ltr'>centenae</span> <span class='ocrx_word' id='word_1_226' title='bbox 433 2364 552 2415; x_wconf 81' lang='lat' dir='ltr'>erroribus</span> <span class='ocrx_word' id='word_1_227' title='bbox 569 2360 660 2429; x_wconf 77' lang='lat' dir='ltr'>explear</span> <span class='ocrx_word' id='word_1_228' title='bbox 673 2365 757 2426; x_wconf 88' lang='lat' dir='ltr'>urbes;</span> <span class='ocrx_word' id='word_1_229' title='bbox 838 2369 841 2373; x_wconf 78' lang='grc'><strong>’</strong></span> 
     </span>
     <span class='ocr_line' id='line_1_35' title="bbox 252 2426 896 2488; baseline 0.009 -15"><span class='ocrx_word' id='word_1_230' title='bbox 252 2430 281 2473; x_wconf 83' lang='lat' dir='ltr'>Et</span> <span class='ocrx_word' id='word_1_231' title='bbox 293 2428 353 2475; x_wconf 87' lang='lat' dir='ltr'>secer</span> <span class='ocrx_word' id='word_1_232' title='bbox 367 2426 398 2475; x_wconf 81' lang='lat' dir='ltr'>ad</span> <span class='ocrx_word' id='word_1_233' title='bbox 413 2428 474 2488; x_wconf 83' lang='lat' dir='ltr'>Phry</span> <span class='ocrx_word' id='word_1_234' title='bbox 491 2429 527 2475; x_wconf 84' lang='lat' dir='ltr'>ios</span> <span class='ocrx_word' id='word_1_235' title='bbox 540 2428 599 2476; x_wconf 75' lang='lat' dir='ltr'>vilia</span> <span class='ocrx_word' id='word_1_236' title='bbox 611 2430 719 2477; x_wconf 86' lang='lat' dir='ltr'>membra</span> <span class='ocrx_word' id='word_1_237' title='bbox 731 2428 826 2483; x_wconf 85' lang='lat' dir='ltr'>modus.</span> <span class='ocrx_word' id='word_1_238' title='bbox 886 2436 896 2447; x_wconf 86' lang='lat'>&#39;&#39;</span> 
     </span>
     <span class='ocr_line' id='line_1_36' title="bbox 219 2444 490 2545; baseline -0.007 -5"><span class='ocrx_word' id='word_1_239' title='bbox 219 2489 343 2545; x_wconf 73' lang='lat' dir='ltr'>blanditiis</span> <span class='ocrx_word' id='word_1_240' title='bbox 355 2490 408 2540; x_wconf 84' lang='lat' dir='ltr'>vult</span> <span class='ocrx_word' id='word_1_241' title='bbox 421 2444 490 2539; x_wconf 75' lang='lat' dir='ltr'>ellel</span> 
     </span>
    </p>
   </div>
   <div class='ocr_carea' id='block_1_3' title="bbox 245 2491 843 2618">
    <p class='ocr_par' dir='ltr' id='par_1_3' title="bbox 245 2491 843 2618">
     <span class='ocr_line' id='line_1_37' title="bbox 486 2491 843 2557; baseline 0 -18"><span class='ocrx_word' id='word_1_242' title='bbox 486 2506 558 2539; x_wconf 87' lang='lat' dir='ltr'>ocum</span> <span class='ocrx_word' id='word_1_243' title='bbox 571 2496 649 2541; x_wconf 81' lang='lat' dir='ltr'>Venus</span> <span class='ocrx_word' id='word_1_244' title='bbox 661 2494 712 2557; x_wconf 84' lang='lat' dir='ltr'>ipsa</span> <span class='ocrx_word' id='word_1_245' title='bbox 722 2491 843 2557; x_wconf 74' lang='lat' dir='ltr'>:querelis</span> 
     </span>
     <span class='ocr_line' id='line_1_38' title="bbox 245 2552 764 2618; baseline 0 -15"><span class='ocrx_word' id='word_1_246' title='bbox 245 2554 412 2618; x_wconf 49' lang='lat' dir='ltr'>§upbliribum</span> <span class='ocrx_word' id='word_1_247' title='bbox 427 2555 519 2605; x_wconf 82' lang='lat' dir='ltr'>miseris</span> <span class='ocrx_word' id='word_1_248' title='bbox 532 2552 625 2605; x_wconf 83' lang='lat' dir='ltr'>fletibus</span> <span class='ocrx_word' id='word_1_249' title='bbox 638 2556 679 2605; x_wconf 76' lang='lat' dir='ltr'>illa</span> <span class='ocrx_word' id='word_1_250' title='bbox 691 2556 764 2604; x_wconf 83' lang='lat' dir='ltr'>favet.</span> 
     </span>
    </p>
   </div>
   <div class='ocr_carea' id='block_1_4' title="bbox 218 2603 1005 2739">
    <p class='ocr_par' dir='ltr' id='par_1_4' title="bbox 218 2603 1005 2739">
     <span class='ocr_line' id='line_1_39' title="bbox 218 2603 1005 2735; baseline -0.009 -61"><span class='ocrx_word' id='word_1_251' title='bbox 218 2621 275 2674; x_wconf 74' lang='lat' dir='ltr'>litt</span> <span class='ocrx_word' id='word_1_252' title='bbox 287 2620 350 2669; x_wconf 87' lang='lat' dir='ltr'>mibi</span> <span class='ocrx_word' id='word_1_253' title='bbox 357 2653 367 2681; x_wconf 89' lang='lat'><strong><em>,</em></strong></span> <span class='ocrx_word' id='word_1_254' title='bbox 380 2634 432 2685; x_wconf 83' lang='lat' dir='ltr'>quae</span> <span class='ocrx_word' id='word_1_255' title='bbox 446 2634 556 2673; x_wconf 77' lang='lat' dir='ltr'>canerem</span> <span class='ocrx_word' id='word_1_256' title='bbox 568 2620 636 2674; x_wconf 81' lang='lat' dir='ltr'>Titio</span> <span class='ocrx_word' id='word_1_257' title='bbox 666 2625 730 2674; x_wconf 75' lang='lat' dir='ltr'>Deus</span> <span class='ocrx_word' id='word_1_258' title='bbox 743 2618 820 2672; x_wconf 83' lang='lat' dir='ltr'>edidit</span> <span class='ocrx_word' id='word_1_259' title='bbox 832 2603 907 2735; x_wconf 48' lang='lat' dir='ltr'>0123d</span> <span class='ocrx_word' id='word_1_260' title='bbox 1004 2626 1005 2667; x_wconf 59' lang='grc' dir='ltr'><em>ὲ</em></span> 
     </span>
     <span class='ocr_line' id='line_1_40' title="bbox 691 2701 889 2739; baseline -0.01 2"><span class='ocrx_word' id='word_1_261' title='bbox 691 2702 697 2711; x_wconf 73' lang='lat'><strong>⁴</strong></span> <span class='ocrx_word' id='word_1_262' title='bbox 873 2701 889 2739; x_wconf 76' lang='lat' dir='ltr'>r</span> 
     </span>
    </p>
   </div>
   <div class='ocr_carea' id='block_1_5' title="bbox 0 0 1026 3534">
    <p class='ocr_par' dir='ltr' id='par_1_5' title="bbox 0 0 1026 3534">
     <span class='ocr_line' id='line_1_41' title="bbox 0 0 1026 3534; baseline 0 2"><span class='ocrx_word' id='word_1_263' title='bbox 0 0 1026 3534; x_wconf 95' lang='lat' dir='ltr'> </span> 
     </span>
    </p>
   </div>
  </div>
 </body>
</html>
