2042 3534
242 244 271 293 68
361 238 607 290 carum
639 236 813 291 UBERA

242 327 317 397 Quod
327 330 433 379 tibitum
441 326 495 377 casu
503 360 512 387 ,
526 324 686 391 pulcherrima
700 326 852 385 Laodamia,
890 332 899 343 “

275 401 390 461 Ereptum
399 394 431 442 est
441 394 494 441 vita
505 390 597 440 dulcius
606 424 614 449 ,
630 403 702 456 atque
712 394 793 440 anima

242 464 410 527 conjugium:
423 470 493 505 tanto
503 470 527 504 te
537 456 664 505 absorbens
672 459 762 504 vertice
773 454 864 505 amoris

276 525 348 576 AEliua
361 527 387 572 in
400 523 529 586 abruptum
544 518 661 568 detulerat
671 520 825 569 barathrum:

243 590 320 654 Quale
331 587 410 636 ferunt
423 588 491 634 Graii
501 586 621 632 Pheneum
631 599 704 650 prope
713 584 864 647 Cylleneum

277 655 364 703 siccari
378 650 467 699 emulsa
476 650 563 713 pingue
578 646 664 712 palude
679 648 773 708 solnm3

244 720 317 781 Quod
327 715 451 783 qnondam
458 711 519 761 talis
529 715 618 760 montis
629 709 714 761 fudiffe
722 710 835 761 rnedulllr

279 781 359 832 Audet
368 777 500 845 falsiparens
509 776 737 841 Amphitryoniades
747 796 754 838 3

246 851 366 913 Tempore
375 861 424 913 quo
432 857 496 891 cetra
507 840 654 905 Stymphalia
666 841 769 890 monstra
780 840 869 908 sagitta

281 911 398 969 Perculit,
412 910 448 958 im
464 909 515 956 etio
523 904 647 955 deterioris
655 905 724 966 heri5
931 910 934 915 '

248 977 356 1029 Pluribus
370 988 397 1022 ut
411 924 465 1021 cal
478 984 592 1019 tereretur
606 974 678 1034 janua
692 972 779 1030 Divis,

280 1041 346 1087 Hebe
360 1053 403 1085 nec
417 1036 489 1100 longa
504 1036 643 1099 virginitate
658 1032 731 1084 foret.

248 1104 356 1156 sedenos
364 1102 425 1150 altus
436 1115 504 1147 amor
514 1094 628 1146 barathlo
637 1096 684 1146 fuir
694 1098 766 1148 altior
776 1096 837 1156 illo,

281 1170 331 1231 Qui
343 1180 400 1216 tunc
414 1163 559 1213 indomitam
572 1160 632 1210 ferre
646 1167 730 1227 jugum
745 1162 840 1212 docuit.

248 1236 314 1284 Nam
322 1246 366 1280 nec
374 1229 444 1279 causa
452 1224 648 1276 earumconfeiio
656 1240 724 1275 aetate
736 1228 830 1292 parenti

282 1302 337 1346 Una
346 1308 417 1360 caput
426 1294 470 1341 seri
480 1306 553 1357 gnata
562 1293 655 1355 nepotis
669 1290 729 1352 alit3

248 1364 301 1427 Qui
309 1377 365 1411 cum
375 1359 468 1408 divitiis
478 1359 520 1404 vix
530 1354 628 1403 tandem
638 1356 748 1406 inventus
759 1354 835 1406 avitis

282 1429 379 1477 Nomen
389 1422 483 1472 testatas
492 1420 574 1470 intulit
583 1422 610 1468 in
622 1418 713 1469 tabulas
721 1454 731 1480 ,

250 1493 289 1541 Im
307 1492 312 1503 “
343 1485 411 1536 detifi
423 1486 518 1552 gentilis
533 1483 620 1550 gaudia
633 1482 735 1545 tollent,

299 1548 407 1601 ulcitatd
421 1566 481 1598 cano
492 1548 624 1598 volturium
634 1563 661 1597 ca
678 1550 716 1597 iti.

225 1622 231 1625 '
246 1619 303 1667 Nec
316 1612 411 1664 tantdm
423 1617 496 1662 niveo
508 1613 591 1677 gavisa
605 1611 637 1660 est
710 1610 823 1663 columbo
860 1627 865 1635 ’

285 1684 407 1743 Compar,
419 1693 471 1742 qna
481 1674 559 1724 multb
574 1676 662 1735 dicitur
676 1679 807 1743 improbius

249 1742 340 1794 oscula
349 1740 470 1792 mordenti
481 1740 572 1805 semper
582 1740 704 1806 decerpere
714 1740 804 1800 rostro3

285 1812 430 1874 Quanquam
444 1802 559 1871 precipui
571 1805 698 1855 multivola
712 1806 743 1854 est
752 1805 846 1855 mulier.

248 1873 333 1924 Sedtu
341 1872 401 1921 olim
464 1884 506 1918 nos
514 1868 590 1918 vicisti
599 1868 648 1917 sola
660 1868 751 1919 furores
757 1905 766 1930 ‚

285 1941 320 1986 Ut
328 1935 431 1985 semeles
472 1950 504 1983 vo
514 1931 642 1982 conciliata
651 1935 714 1985 viro.

252 2006 304 2054 Aut
311 2000 388 2059 nihil,
398 2013 441 2049 aur
449 1994 521 2064 pauli>
530 2000 569 2045 cui
579 2010 631 2046 tum
639 1997 766 2047 concedere
776 1998 848 2065 digna

284 2070 337 2115 Lux
344 2080 413 2124 mea,
424 2062 560 2112 fenolirturr
571 2058 625 2110 ctlm
635 2062 691 2111 tulit
704 2065 732 2111 in
742 2068 878 2129 gremium:

252 2134 334 2193 Quam
342 2128 525 2178 circumurtsans
534 2127 590 2175 hinc
601 2124 667 2175 illinc
677 2128 734 2193 saepe
746 2127 844 2195 Cupido

285 2193 399 2259 fulgebat
405 2194 500 2241 crocina
511 2189 626 2241 candidus
636 2192 663 2239 in
672 2194 761 2241 tunica.

253 2263 402 2321 Quaetamen
411 2253 508 2304 etfinno
517 2270 566 2305 non
574 2255 606 2303 est
613 2269 725 2305 contenta
732 2254 846 2317 Catullo,

287 2326 353 2373 Rara
367 2318 503 2371 verecunde
517 2318 581 2368 furta
591 2318 691 2371 fetemus
705 2322 783 2380 berae3

254 2387 293 2436 Ne
302 2384 406 2435 nimldm
413 2381 482 2433 limus
490 2382 616 2433 lhtltorum
628 2398 696 2434 more
709 2384 815 2435 molestia

286 2452 349 2514 Sept
362 2452 436 2500 etiam
450 2452 513 2498 luno
526 2450 630 2497 maxima
643 2447 786 2499 Coelitolrlm

254 2512 338 2576 Contu
356 2516 374 2563 's
383 2517 409 2561 in
423 2512 490 2575 culpa
501 2508 612 2577 flagravit
625 2510 775 2571 cottidiana,

286 2579 393 2627 Nocens
405 2577 522 2628 omnivoli
536 2576 638 2641 plurima
653 2577 716 2627 furta
730 2577 807 2627 Jovia.

254 2644 331 2710 atqu
344 2656 388 2694 net
403 2640 472 2695 Diria
485 2642 595 2695 homines
604 2644 743 2713 componier
754 2654 849 2711 aequum
863 2638 913 2693 etl:
