2042 3534
237 278 270 351 4⁶
356 268 595 323 carum
627 264 796 317 ntnnn.

239 355 288 406 nbi
299 355 433 418 cymbalum
443 357 512 405 sonat
520 368 585 413 vox,
598 354 640 403 ubi
651 368 764 419 tympana
771 355 896 421 abeant,
920 392 924 399 -
998 350 999 369 ¹

239 423 341 471 Tibicen
349 422 460 470 ubicanit
469 420 546 482 Phryx
556 433 630 468 curvo
638 434 710 483 grave
717 418 824 483 calamo,
998 426 999 447 i

239 487 289 536 ubi
298 488 376 551 capita
385 484 503 534 Maenades
513 486 538 533 vi
551 486 640 547 jaciunt
650 482 809 551 hederigerae,

240 551 289 599 Ubi
300 551 364 598 saera
375 550 452 597 sanda
461 551 536 597 acutia
546 546 673 597 ululatibus
684 551 795 615 agitant,
998 598 999 605 ,

240 615 289 663 nbi
299 614 376 662 suerit
385 612 426 661 illa
434 615 504 661 Diva
513 611 614 677 volitare
624 628 685 677 vaga
696 613 800 674 cohors,
855 660 858 665 .
933 645 936 651 ‚
998 620 999 667 1

240 682 297 739 Quo
306 694 350 726 nos
359 676 425 726 decet
437 675 517 725 citatis
528 676 643 725 celebrare
654 676 774 741 tripudiis.

239 741 316 792 Simul
325 743 375 791 haec
383 742 510 791 comitibus
519 745 579 803 Atys
589 742 675 790 cecinit
683 742 759 791 notha
769 740 877 803 mulier,

239 808 349 870 'rhyasus
358 820 452 873 repente
461 806 547 872 linguis
558 805 730 870 trepidantibus
742 804 833 865 ululat,

241 874 305 921 Leve
316 887 456 937 tympanum
464 872 582 935 remugit,
594 884 651 919 cava
660 870 768 932 cymbala
775 884 918 936 recrepant,

241 935 350 984 Viridem
357 939 418 983 citus
428 934 479 984 adit
488 934 556 983 Idam
566 948 705 999 properante
728 934 770 983 ede
779 936 877 986 choma.
998 974 999 1001 ,

240 998 378 1050 Furibunda
388 997 470 1058 fimul,
480 998 602 1057 anhelans,
610 1014 695 1065 vagat
729 1002 757 1058 ἰ,
766 1001 843 1049 animi
852 1016 939 1068 egens,
998 1004 999 1029 ³

240 1065 367 1111 Comitara
376 1077 490 1127 tympano
499 1067 574 1125 Atys,
585 1079 625 1128 per
636 1078 709 1128 opaea
719 1064 894 1128 umbratim,

242 1126 323 1176 Veluti
334 1133 433 1192 juvenca
440 1129 519 1177 vitans
529 1144 589 1177 onus
597 1126 716 1177 indomita
725 1131 785 1193 jugi.

242 1191 342 1256 Rapidte
351 1192 437 1241 ducem
446 1193 575 1257 sequuntur
582 1191 656 1241 Gallae
665 1190 722 1256 pede
749 1208 777 1241 ro
807 1208 845 1243 ro.

242 1259 342 1321 Itaque,
357 1271 384 1305 ur
394 1255 611 1317 dommncybelles
620 1258 719 1322 tetigere
776 1256 820 1305 ula·

243 1318 352 1371 Nimiod
362 1321 458 1381 labore,
468 1321 579 1369 somnum
587 1322 682 1385 capiunt
693 1316 738 1367 fine
746 1323 842 1370 Cerere.

192 1415 195 1421 ·
242 1387 312 1451 Piger
319 1387 357 1434 his
366 1386 460 1435 labante
468 1384 581 1451 languore
590 1384 669 1435 oculos
680 1386 751 1448 sopor
763 1388 851 1450 operit·

243 1452 304 1499 Abit
313 1453 340 1500 in
350 1453 430 1514 quiete
439 1449 508 1498 molli
517 1449 612 1498 rabidus
623 1448 690 1501 furor
699 1450 792 1507 animi..

242 1512 287 1563 Sed
298 1514 339 1562 ubi
348 1516 396 1561 oris
409 1517 474 1562 aurei
484 1513 520 1561 sol
532 1513 678 1561 radiantibus
691 1511 765 1563 ocutn

242 1576 362 1627 lustravit
373 1578 460 1625 athera
466 1576 562 1636 album,
573 1577 623 1626 sola
632 1576 707 1636 dura,
717 1590 782 1627 mare
791 1576 869 1628 ferum
875 1610 888 1639 ,

242 1641 380 1705 Pepuiitque
389 1642 463 1689 nodis
474 1642 570 1689 umbras
577 1644 667 1707 vegetis
676 1640 843 1705 sonipedibus,

243 1705 282 1754 Ibi
290 1706 386 1753 somnus
394 1708 499 1755 ercitum
508 1709 574 1768 Atyn
584 1705 676 1771 fugiens
686 1707 747 1755 citus
757 1706 817 1756 abiit
826 1724 837 1767 3

242 1772 291 1818 Tre
306 1769 414 1819 idantem
422 1786 478 1819 eum
488 1774 575 1835 recepit
587 1775 639 1820 Dea
647 1766 751 1821 Pafithea
760 1766 819 1821 nau.

241 1836 281 1883 Ita
289 1786 319 1882 Ξε
329 1838 409 1899 quiete
417 1834 485 1883 motti
495 1834 578 1899 rapida
588 1832 634 1882 stne
643 1836 721 1892 rabie,

242 1897 318 1947 S‘unul
326 1900 375 1962 ipse
383 1901 476 1964 pedore
485 1903 545 1960 Atys
556 1898 597 1946 sua
606 1896 667 1947 faita
675 1895 791 1957 recoluit,

242 1961 393 2029 liquidaque
406 1977 486 2011 mente
497 1962 561 2012 vidit
571 1958 618 2010 fine
628 1966 710 2027 queit,
725 1963 812 2027 ubique
822 1960 907 2025 foret,

243 2030 335 2077 Animo
347 2026 456 2077 estuante
465 2029 558 2077 rursum
567 2025 671 2076 reditum
680 2026 711 2077 ad
721 2025 783 2076 vada
794 2028 888 2083 retulit.

243 2092 282 2141 ibi
292 2094 369 2141 maria
379 2092 442 2142 vasta
451 2093 528 2143 visens
539 2092 724 2154 lacrymantibus
733 2090 823 2149 oculis,

242 2158 349 2205 Patriam
357 2156 468 2205 adlocuta
476 2171 536 2206 voce
545 2156 577 2205 est
586 2160 621 2205 ita
630 2154 868 2217 moestrnmisetitus:

243 2222 338 2279 Patria,
350 2217 366 2268 ὃ
376 2237 430 2269 mea
440 2223 557 2281 creatrix,
567 2222 645 2287 patria
651 2254 659 2280 ,
672 2218 688 2269 ὂ
699 2236 753 2269 mea
763 2223 888 2285 genetrix,

243 2286 295 2349 Ego
305 2300 393 2349 quam,
405 2286 492 2343 miser,
503 2286 652 2351 relinquens,
663 2283 775 2333 dominos
786 2298 812 2333 ut
820 2284 946 2352 heringae

243 2348 337 2398 Famuli
346 2350 437 2408 soient,
447 2348 479 2398 ad
489 2348 537 2398 ldae
548 2348 616 2408 tetuli
624 2364 723 2399 nemora
735 2347 836 2413 pedem3

244 2416 279 2459 Ut
290 2412 367 2477 apud,
382 2415 468 2473 miser,
481 2412 585 2463 fetarum
596 2412 675 2481 gelida
684 2412 773 2461 stabula
783 2411 880 2473 forem,

243 2476 275 2523 Et
285 2492 365 2526 earum
376 2481 460 2527 omnia
467 2477 560 2527 adirem
569 2476 696 2528 furibunda
704 2475 812 2527 latibula.
937 2521 940 2535 Λ

243 2538 364 2601 Ubinam,
375 2557 417 2592 aur
427 2544 512 2608 quibua
522 2544 580 2592 locis
589 2558 613 2592 te
623 2538 739 2607 positam,
758 2542 852 2607 patria,
865 2551 944 2605 rear}

226 2611 235 2624 ¹
244 2606 321 2669 cupit
329 2607 338 2653 i
354 2607 379 2655 sa
387 2607 473 2672 pupula
481 2607 512 2655 ad
521 2622 544 2656 te
554 2604 596 2656 fibi
602 2606 703 2673 dirigere
712 2608 804 2666 aciem,

243 2670 322 2729 labie
333 2622 383 2721 fera
393 2684 471 2724 aaron
481 2670 541 2722 dum
550 2674 620 2725 breve
631 2685 723 2739 tempus
735 2672 828 2727 animus
838 2669 878 2723 est.
